2804 4966
512 314 595 352 mn
615 314 645 353 rr.
664 312 733 353 aaut
752 313 782 352 n.
803 313 862 353 cnr.
881 313 908 351 u.
1256 303 1309 360 207

140 452 160 513 ci
177 464 234 512 essa
254 450 365 528 possit.
409 445 484 508 llaec
512 451 624 525 quarta
655 444 792 507 Falcidia
820 447 1007 530 vocatur1).
1052 446 1084 509 Si
1105 444 1214 525 plures
1237 452 1311 509 sunt

139 551 253 626 heredes,
276 549 309 609 in
330 545 467 629 singulis
489 547 569 607 ratio
584 546 667 628 legis
679 544 826 608 Falcidiae
839 545 982 626 ponenda
999 552 1047 606 est
1060 545 1100 631 2).
1133 546 1183 608 Nil
1204 553 1307 610 autern
1348 560 1350 569 ·

77 634 82 813 )
137 653 248 726 interest,
270 654 375 710 utrum
403 648 627 709 testamentarii
652 666 691 709 an
714 647 848 729 legitimi
872 650 933 710 sint
963 646 1109 709 heredes.
1155 648 1235 727 lpsis
1257 649 1309 711 le-

138 751 256 834 gatariis,
279 747 335 828 qui
356 746 461 828 rogati
484 750 558 808 sunt
582 744 620 808 ad
643 745 764 825 aliquid
787 745 1015 826 praestandum,
1041 747 1101 809 hoc
1123 746 1309 810 heneficium

77 846 82 931 j
137 869 183 915 non
201 848 344 936 datnr³);
375 847 494 909 interea
518 851 620 910 tamen
648 865 705 928 pro
736 854 804 910 rata
830 849 928 928 partis
959 865 997 909 ex
1020 848 1127 931 legato
1157 849 1220 910 illis
1249 847 1309 912 de-

137 958 227 1029 tracta,
250 951 342 1013 etiam
366 946 483 1031 legata,
511 966 552 1010 ex
574 948 734 1012 testatoris
755 947 961 1028 dispositione
980 949 1018 1011 ah
1031 951 1108 1030 ipsis
1123 951 1309 1031 prestanda,

135 1049 341 1138 8177771774).

165 1150 265 1236 8125.
308 1150 485 1234 Legatariis
506 1151 606 1234 igitur
626 1149 678 1211 vel
700 1149 997 1213 fideicommissariis
1020 1158 1131 1232 quarta
1147 1169 1232 1232 pars,
1255 1153 1308 1214 vel

137 1254 200 1334 qnod
217 1254 253 1317 ad
278 1272 346 1316 eam
370 1250 576 1334 supplendam
599 1251 709 1314 heredi
732 1251 840 1327 deest,
873 1252 1065 1329 detrahitur,
1095 1254 1169 1315 item
1197 1254 1235 1317 iis
1259 1257 1313 1335 qui

134 1355 216 1416 nortis
234 1372 328 1417 cansa
351 1352 470 1433 aliquid
494 1353 631 1434 capiunt.
680 1350 766 1414 lnter
789 1356 880 1415 vivos
903 1352 1088 1417 donationes
1112 1372 1151 1415 ex
1165 1354 1222 1416 hac
1237 1355 1311 1440 lege

134 1455 206 1517 minui
224 1473 288 1518 non
312 1460 446 1536 possunt
459 1454 495 1536 1),

163 1553 265 1637 2126.
310 1552 346 1617 ln
360 1561 470 1636 quarta
485 1553 623 1618 Falcidia
639 1554 844 1635 computanda
861 1556 1015 1619 bonorum
1032 1560 1188 1637 quantitas
1204 1560 1312 1622 mortis

134 1659 247 1738 tenpore
270 1662 441 1738 spectatur,
465 1662 496 1720 et
519 1659 710 1737 computatio
733 1657 769 1718 lit
791 1658 935 1720 deductis
963 1657 1082 1721 funeris
1108 1661 1257 1742 impensis
1281 1666 1313 1722 et

133 1760 194 1820 omni
211 1777 274 1823 acre
296 1757 413 1821 alieno.
457 1756 548 1831 Ouod
570 1763 642 1839 post
664 1764 794 1822 mortem
817 1759 985 1821 hereditati
1015 1758 1187 1836 adcrescit,
1217 1761 1310 1843 lega-

132 1856 199 1920 tariis
218 1878 280 1922 non
302 1859 445 1940 prodest,
467 1864 499 1920 et
520 1859 548 1920 si
571 1876 634 1938 qno
650 1876 726 1922 casu
740 1860 900 1923 hereditas
915 1862 1075 1937 minuitur,
1100 1862 1131 1922 id
1146 1861 1310 1943 legatariis

132 1973 179 2023 nou
197 1965 306 2025 nocet:
341 1978 410 2023 nam
440 1959 534 2022 heres
568 1978 693 2040 semper
724 1967 848 2042 poterat
877 1962 1085 2024 hereditatem
1116 1963 1147 2023 ei
1176 1959 1310 2024 delatam

130 2061 249 2125 omittere
263 2062 303 2148 6).
350 2060 574 2142 Computant‘ur
604 2067 707 2124 autem
738 2063 770 2123 in
803 2069 943 2142 quartam
972 2068 1094 2143 partem
1122 2081 1158 2125 ea
1181 2067 1311 2138 tantum,

78 2236 80 2247 Ι
131 2174 184 2238 que
200 2144 390 2227 hereditario
414 2162 483 2225 iure
507 2162 619 2239 hahet,
650 2181 755 2243 neque
778 2162 901 2246 legata,
934 2162 987 2226 vel
1010 2163 1250 2228 fideicommissa
1280 2165 1309 2224 ei

78 2280 82 2291 ·
133 2261 221 2327 relicta
244 2263 296 2328 vel
319 2264 504 2327 donationes
527 2265 559 2325 in
582 2282 650 2325 eum
675 2262 797 2326 collata.
812 2263 851 2351 7).

78 2380 80 2421 t
162 2364 269 2446 2121,
314 2362 348 2429 Si
380 2364 491 2427 heredi
523 2364 697 2428 deficientis
729 2364 857 2428 heredis
889 2366 992 2446 portio
1022 2365 1196 2443 adcrescit,
1228 2368 1309 2430 ratio

127 2454 194 2545 legis
210 2460 359 2529 Falcidia
379 2464 434 2529 tali
457 2464 549 2529 modo
571 2470 620 2528 est
640 2465 795 2542 habenda,
819 2473 863 2543 ut,
887 2468 915 2529 si
938 2467 1007 2528 cius
1029 2485 1114 2547 pars,
1139 2468 1192 2547 qui
1216 2466 1309 2528 heres

126 2562 224 2644 existit,
248 2566 366 2650 legatis
388 2567 541 2629 exhausta
564 2567 617 2643 sit,
644 2567 835 2630 adiuventur
858 2568 1004 2651 legatarii
1030 2587 1088 2648 per
1113 2567 1310 2630 deiicientem

121 2670 236 2745 tanam,
259 2666 333 2748 quia
357 2684 420 2730 non
443 2672 493 2729 est
512 2666 628 2750 legatis
643 2673 788 2742 onerata3
810 2669 838 2730 si
861 2687 938 2731 vcro
953 2669 1075 2731 delecta
1097 2687 1169 2749 pars
1192 2670 1308 2752 legatis

119 2768 163 2826 est
181 2767 348 2845 exhausta,
377 2767 510 2849 perinde
530 2769 562 2830 in
585 2787 622 2831 ca
643 2767 787 2850 ponenda
811 2769 893 2851 legis
916 2769 1061 2832 Falcidia
1083 2771 1183 2844 ratio,
1214 2774 1309 2850 atque

115 2859 142 2922 δί
162 2867 197 2931 ad
217 2887 287 2931 eum
311 2869 414 2951 ipsum
436 2868 621 2950 pertineret,
643 2889 660 2932 a
684 2887 746 2950 qno
771 2874 820 2932 est
843 2870 977 2933 delecta.
1022 2871 1055 2934 Si
1078 2875 1212 2950 utraque
1236 2885 1309 2949 pars

114 2960 199 3031 uinis
222 2976 353 3034 onerata
377 2968 430 3032 vel
451 2970 603 3033 exhausta
624 2971 798 3048 invenitur,
821 2972 854 3032 in
875 2977 1009 3053 utraque
1029 2971 1195 3053 separatim
1210 2969 1245 3032 dt
1259 2970 1309 3032 le-

111 3072 253 3139 ararum
275 3069 405 3132 minutio
419 3070 460 3157 8).

151 3170 179 3252 2
194 3160 265 3235 728.
312 3166 424 3232 Cessat
443 3170 544 3253 igitur
567 3171 599 3230 in
620 3171 806 3250 quibusdam
829 3171 955 3233 casibus
977 3173 1060 3256 legis
1080 3172 1226 3236 Falcidiae
1247 3173 1309 3234 bc-

103 3266 273 3345 1tehcium3
304 3269 484 3351 etquidem
510 3289 636 3352 semper
656 3273 688 3333 in
716 3276 903 3335 testamento
929 3273 1052 3350 militis,
1084 3276 1201 3355 qnippe
1223 3273 1307 3354 quod

99 3368 175 3435 ⁸ola
195 3368 360 3434 voluntate
385 3371 547 3458 7771717771)
592 3371 702 3435 Cessat
730 3374 758 3435 si
785 3373 879 3436 heres
908 3375 1118 3437 inventarium
1147 3373 1308 3437 heredita-

98 3464 224 3533 riarum
247 3487 354 3533 rerum
374 3470 482 3534 iacere
493 3472 673 3554 neglexerit
684 3470 736 3559 ¹⁰)
760 3478 814 3534 aut
834 3475 860 3536 si
879 3478 1010 3537 testator
1028 3476 1188 3553 expressis
1202 3474 1310 3535 verbis

97 3552 316 3635 mdicaverit:
347 3588 384 3633 ae
405 3571 492 3635 nolle
512 3570 680 3635 Falcidiam
701 3572 739 3635 ab
768 3573 887 3635 herede
909 3574 1040 3635 retineri
1054 3575 1094 3660 11)
1126 3592 1226 3654 eaque
1255 3573 1314 3636 sub

95 3670 291 3735 conditione
312 3670 463 3736 heredem
485 3689 555 3735 eum
579 3673 761 3735 instituerit.
806 3674 882 3736 ltem
906 3675 933 3736 si
958 3674 1051 3737 heres
1067 3673 1309 3737 huicbenellcio

92 3771 355 3849 renuntiaverit,
386 3775 440 3835 aut
461 3772 566 3836 sciens
588 3771 675 3837 vel
665 3791 716 3837 rus
738 3774 889 3857 ignorans
909 3776 1069 3858 integrum
1093 3775 1232 3859 legatum
1258 3775 1309 3839 le-

93 3892 307 3923 N—

142 3993 1032 4121 1)(1.,.,.25(117112)21.,.,,11711777.11.οοᾱ.

141 4066 159 4120 3
188 4069 234 4120 Fr.
253 4066 295 4120 18.
315 4086 354 4137 pa
373 4070 406 4120 dr.
425 4063 469 4120 47.
489 4066 544 4127 21
549 4071 604 4121 ..ir
624 4068 666 4123 55
686 4069 710 4129 2
728 4069 754 4123 2.
774 4069 805 4122 D.
825 4073 886 4123 aad.
933 4069 963 4138 4)
983 4077 1025 4126 Fr.
1045 4070 1087 4125 32.
1107 4071 1130 4130 2
1149 4069 1175 4123 4,
1194 4066 1226 4120 D.
1246 4069 1307 4136 eod,

141 4137 160 4192 5
190 4140 220 4192 (1.
239 4136 288 4191 2-
292 4086 333 4192 hp
339 4156 362 4192 ο,
381 4138 423 4192 12,
444 4138 474 4191 (1,
492 4141 547 4193 nt
549 4142 605 4193 .lr.
624 4138 667 4194 28.
688 4139 720 4192 D.
737 4141 781 4207 39,
800 4140 884 4207 6(da
900 4147 992 4199 mortis
1011 4161 1083 4199 caua.
1103 4138 1216 4205 donae).

142 4206 508 4334 6)22.43.,...1111117
514 4179 924 4283 .§’..19fr.73.pr.t).eod.

141 4274 172 4346 2)
188 4276 270 4334 Fr.
268 4278 357 4335 286.
376 4282 419 4335 91.
440 4278 471 4335 D.
491 4284 553 4336 eod.

144 4347 290 4418 armna
291 4350 397 4414 ,788
399 4351 450 4406 4
470 4353 502 4407 o
523 4355 585 4409 aaa
685 4351 1096 4420 retransmeant.

126 4420 274 4488 10)(1.22
276 4422 381 4486 2
382 4426 438 4478 ,(1.
459 4425 486 4489 6,
503 4425 538 4480 80
556 4424 603 4492 (da
620 4425 678 4479 iuro
697 4426 889 4492 deliberandi).
909 4427 976 4480 Nor.
997 4425 1021 4479 1.
1039 4442 1063 4478 c.
1080 4425 1107 4478 2.
1126 4422 1149 4485 2
1168 4418 1195 4476 2,

128 4490 284 4560 11)o.tt
242 4492 284 4550 18.
302 4496 378 4551 otc
397 4498 554 4566 tDcrossat
571 4498 596 4551 al
614 4497 682 4553 Nor.
701 4493 725 4549 1.
744 4513 767 4550 c.
786 4496 811 4550 2.
