2804 4966
526 323 605 360 lamii
625 323 667 361 111.
689 323 746 363 ῦΛΡ,
758 322 795 360 vt.

599 587 665 650 tlt.
688 589 731 652 n.

56 794 125 858 DE
148 789 534 860 OBLIGATIONIBUS
558 789 665 872 QUAE
687 792 748 856 EX
763 791 969 861 Damonis
985 793 1268 865 NASOUNTUR.
1348 857 1353 864 .

337 996 406 1047 TIT.
425 999 446 1048 Ι.
482 996 532 1047 DE
552 995 718 1048 DELIOTIS
739 997 949 1049 GENERA'I'IM
962 998 990 1066 ¹).

107 1153 227 1238 §.965.
272 1153 416 1214 Omnium
440 1153 580 1233 gentium
605 1153 673 1213 iure
696 1151 811 1213 delicta
834 1170 891 1232 pro
915 1153 1141 1237 obligationum
1164 1164 1269 1224 causis

60 1256 222 1318 habentur
238 1254 278 1338 ²).
323 1253 402 1315 Sunt
430 1258 533 1314 autem
560 1251 671 1312 delicto
697 1255 768 1313 sive
799 1251 949 1315 maleficia
973 1257 1074 1318 omnia
1097 1256 1176 1321 lacta
1198 1261 1268 1323 iure

63 1356 247 1439 reprobata,
272 1353 387 1435 quibus
410 1353 542 1415 aliorum
564 1354 631 1415 iura
647 1353 814 1429 laeduntur,
836 1357 905 1416 sive
925 1355 1011 1434 quod
1037 1358 1169 1421 alterius
1190 1380 1269 1446 per-

67 1473 158 1522 sone
182 1456 297 1517 iniuria
320 1453 364 1530 fit,
388 1453 555 1533 sivequod
579 1454 669 1516 bonis
695 1456 763 1514 eius
786 1454 930 1517 damnum
952 1456 1054 1519 datur.
1099 1459 1175 1522 Cum
1199 1481 1269 1524 om-

66 1558 118 1619 nis
146 1558 226 1618 iuris
255 1557 355 1617 nostri
380 1555 469 1617 laesio
493 1557 620 1617 iustitiae
643 1558 807 1636 praeceptis
833 1556 1021 1619 adversetur
1043 1560 1180 1641 ideoque
1202 1563 1268 1626 tol-

66 1656 161 1719 lenda
185 1658 237 1733 sit,
260 1656 352 1718 datur
374 1656 465 1718 nobis
488 1661 596 1718 contra
621 1655 730 1718 delicti
751 1675 837 1719 reum
859 1660 952 1735 aetio,
977 1677 1037 1740 qua
1061 1662 1269 1744 obligationis

67 1757 233 1819 vinculum
259 1756 404 1819 efficitur.

111 1861 144 1940 ξ.
161 1857 235 1921 966.
280 1857 338 1930 Qut
366 1856 498 1919 aliorum
525 1857 607 1919 bona
640 1857 752 1919 damno
781 1857 955 1935 alliciunt,
978 1860 1047 1920 eius
1079 1864 1268 1926 restituendi

68 1961 263 2022 necessitate
286 1957 537 2040 adstringuntur,
561 1959 615 2037 qui
638 1976 782 2038 persone
807 1959 918 2022 alienae
941 1960 1159 2024 contumeliam
1184 1963 1270 2025 inle-

70 2067 158 2136 runt,
183 2076 301 2140 poenas
325 2051 400 2121 dare
424 2065 592 2140 coguntur.
626 2059 703 2120 Sunt
716 2060 814 2140 igitur
836 2061 978 2121 actiones
1001 2079 1040 2121 ex
1062 2061 1177 2124 delicto
1202 2070 1272 2126 ori-

67 2161 163 2224 undae
193 2165 249 2223 aut
273 2161 320 2221 rei
353 2165 406 2220 aut
434 2176 535 2240 poenae
563 2159 793 2240 persequendae
822 2162 926 2241 gratia
956 2169 1150 2242 comparatae.
1197 2165 1272 2227 Cum

33 2338 36 2342 Α
66 2267 173 2324 autem
196 2259 312 2321 delicta
332 2261 411 2335 sint,
437 2261 551 2340 quibus
574 2278 635 2322 non
660 2259 760 2321 solum
784 2261 1016 2339 patrimonium,
1040 2281 1150 2325 verum
1181 2268 1274 2327 etiam

71 2378 211 2441 persona
243 2361 374 2423 alterius
397 2361 569 2436 laedantur,
604 2361 721 2440 duplici
750 2366 881 2440 propter
910 2361 1031 2424 lacinus
1059 2365 1273 2429 satislactione

72 2479 154 2543 opus
178 2468 246 2537 est3
274 2481 408 2542 eumque
435 2464 467 2524 in
490 2462 580 2524 linem
610 2467 663 2523 aut
688 2461 759 2522 duae
782 2462 895 2524 dantur
916 2465 1056 2527 actiones
1078 2468 1137 2542 rei,
1160 2483 1275 2546 perse-

72 2565 197 2626 cutoria
226 2564 341 2640 altera,
374 2563 471 2626 altera
502 2562 654 2643 poenalis,
687 2567 740 2624 aut
764 2580 827 2624 una
850 2570 969 2627 tantum
991 2566 1047 2627 sed
1071 2568 1184 2644 mixta,
1215 2585 1276 2646 qua

72 2664 201 2741 tamid,
224 2665 306 2745 quod
329 2684 347 2727 e
370 2666 556 2746 patrimonio
579 2669 688 2726 nostro
711 2665 816 2740 abest,
840 2683 932 2744 quam
955 2685 1077 2747 poenam
1098 2671 1270 2748 persequi-

71 2765 199 2825 mur³.

117 2868 148 2947 ξ.
163 2767 236 2931 dot.
280 2865 327 2926 Ex
349 2865 465 2929 delicto
487 2869 626 2928 actiones
648 2866 717 2928 aliae
739 2867 851 2928 civiles
869 2867 938 2928 aliae
957 2869 1132 2933 honoraria
1145 2878 1219 2934 sunt
1229 2872 1275 2960 1);

73 2968 108 3027 in
132 2965 183 3027 his
205 2967 248 3027 ita
275 2965 434 3029 delinitum
457 2974 522 3044 est,
546 2972 581 3027 nt
602 2984 672 3047 quae
692 2970 739 3028 rei
760 2970 1013 3047 persecutionem
1035 2974 1207 3048 continent,
1230 2973 1278 3036 hae

55 3065 169 3127 -etiam
190 3071 263 3146 post
276 3085 389 3129 annum
407 3067 533 3144 dentur,
556 3074 678 3130 caterae
690 3069 770 3128 intra
791 3083 904 3132 annum
915 3071 955 3157 ⁵).
979 3071 1036 3134 Rei
1052 3077 1279 3154 persecutorie

73 3168 220 3228 actiones
242 3167 275 3227 in
295 3168 440 3248 simplum
464 3172 623 3249 conceptae
643 3174 716 3230 sunt
736 3169 880 3249 poenales
904 3176 935 3232 et
957 3175 1060 3233 mixtae
1084 3175 1115 3234 in
1139 3174 1278 3256 duplum,

72 3266 204 3347 triplum
225 3271 280 3328 ant
300 3268 524 3349 quadruplum3
548 3270 726 3333 honorariae
748 3271 901 3347 actiones,
926 3276 1058 3351 querci
1080 3278 1281 3354 persecutio-

71 3386 147 3455 nem
171 3368 343 3444 continent,
363 3374 395 3430 et
415 3374 487 3450 post
508 3387 622 3432 annum
644 3375 824 3450 competunt
836 3371 874 3452 6).

116 3466 166 3528 Ex
186 3465 341 3530 maleficio
371 3469 545 3531 actionibus
567 3470 658 3532 etiam
680 3469 847 3532 interdicta
864 3471 1002 3550 quaedam
1026 3477 1279 3538 connumeranda

74 3572 164 3643 sunt,
187 3566 287 3628 veluti
311 3587 347 3631 ea
369 3586 440 3649 qua
461 3571 687 3649 recuperande
706 3571 919 3648 possessionis
944 3591 1038 3635 causa
1059 3574 1223 3659 dantur⁷).

118 3672 150 3751 ἕ.
165 3667 237 3733 968.
282 3666 379 3731 Omne
405 3669 553 3732 delictum
578 3669 660 3732 laeto
681 3668 787 3749 aliquo
808 3671 828 3730 i.
844 3688 872 3732 e.
896 3671 1041 3736 faciendo
1055 3675 1276 3750 committitur3

72 3827 279 3840 *n—

110 3926 140 3998 1)
162 3929 222 3983 aar.
242 3929 290 3980 111.
310 3923 370 3979 182.
390 3944 444 3995 seq.
463 3928 483 3977 1.
502 3924 529 3991 4,
551 3925 574 3978 1.
594 3926 691 3991 D.47‚
710 3925 724 3978 1
745 3925 783 3992 (h.
802 3926 850 3992 1.).Ι

109 3999 140 4068 2)
162 4001 216 4052 Cir.
237 3999 354 4051 auctoris
372 4000 552 4065 Philosophia
572 4002 640 4050 ioris
661 4001 874 4052 delineationem
891 3998 991 4058 6105.

109 4071 140 4138 3)
162 4067 611 4136 §.16.-20.1.4,6(‹1020t.).
711 4068 740 4137 4)
760 4070 804 4120 Fr.
827 4071 852 4123 1.
872 4072 896 4132 ἓ.
914 4071 939 4122 2.
961 4075 994 4123 Ι).
1014 4072 1041 4122 h.
1059 4076 1078 4121 t.

110 4141 140 4210 5)
162 4145 205 4194 Fr.
224 4140 269 4195 35.
288 4160 328 4209 pr.
346 4143 379 4191 D.
398 4139 473 4204 44‚7
492 4137 583 4207 (daO.
604 4137 689 4206 ald).
709 4160 748 4209 pr.
767 4142 787 4191 1.
808 4139 835 4206 4,
855 4142 889 4195 12
909 4142 957 4209 (de
976 4148 1088 4210 perpet
1107 4147 1186 4206 temp.
1206 4138 1281 4204 aot).
1345 4153 1348 4157 ’

108 4214 139 4280 6)
160 4214 184 4274 §-
204 4210 328 4266 21.-27.
346 4214 368 4263 Ι.
385 4209 412 4276 4,
433 4210 450 4264 6
471 4209 518 4278 (da
537 4214 609 4275 aotd.
628 4231 668 4280 pr.
686 4214 708 4262 I.
726 4211 753 4276 4,
772 4211 815 4264 12.
841 4216 883 4266 cit

108 4285 140 4351 7)
161 4287 225 4351 Arg.
248 4287 280 4336 fr.
300 4284 324 4336 1.
344 4284 367 4342 ἓ.
389 4281 492 4335 1415.
512 4288 546 4336 D.
568 4286 602 4334 de
621 4286 648 4335 vi
668 4282 723 4350 (43,
746 4283 799 4350 16).
837 4286 905 4338 Cum
926 4284 1067 4336 interdieta
1094 4281 1152 4332 dari
1177 4283 1283 4333 soleant

72 4359 111 4408 ad
131 4357 286 4408 inhibenda
304 4359 379 4408 faeta
396 4356 454 4406 iure
472 4371 527 4407 non
545 4358 675 4422 permissa
686 4361 713 4406 et
731 4357 862 4409 adversus
881 4373 936 4420 eos,
957 4355 1005 4422 qui
1021 4358 1067 4405 οἱα
1078 4355 1158 4422 facta·
1172 4350 1213 4417 (ut
1232 4353 1285 4403 dici

76 4431 191 4482 solitum
211 4425 262 4493 ast)
282 4429 343 4478 iura
364 4442 495 4493 usmaro
516 4432 661 4478 conantur:
689 4427 773 4480 celeb.
794 4445 817 4479 o.
837 4429 957 4494 Sava'poy
976 4423 1075 4490 (Baete
1095 4424 1143 4475 das
1161 4425 1285 4476 Bonitus

73 4501 100 4562 §-
121 4494 162 4566 6.)
185 4500 277 4552 omnia
294 4498 437 4552 interdicta
457 4498 631 4552 antiomenon
651 4497 747 4550 delicto
766 4514 825 4551 asae
844 4497 987 4550 monadia.

1102 4587 1137 4642 18
