2804 4966
528 351 531 357 .
565 323 761 367 -rnrneooorm
792 344 805 349 -·
1229 319 1265 374 23

10 479 21 523 ι
62 459 131 518 erat
155 453 309 516 condendi
330 454 410 516 iuris
439 473 476 516 ac
505 452 623 536 legum
640 455 794 534 eorporis.
849 453 924 517 Erat
946 455 1137 520 lustininnus
1158 459 1182 535 l,
1207 461 1261 538 qui

10 582 19 625 ι
64 564 126 620 tum
148 557 340 619 necessitate
359 561 534 636 temporum
560 560 708 631 coactus,
736 560 800 617 tum
830 554 959 619 stimulo
982 557 1116 637 quodam
1136 560 1261 623 instau-

10 684 18 726 r
62 658 152 721 randi
175 674 352 740 germanam
374 673 411 716 ao
431 656 586 717 sinceram
609 653 888 737 iurisprudentiam
911 655 1069 733 incitatus,
1092 658 1142 720 ius
1165 657 1260 720 civile

10 788 17 828 „s
62 760 95 819 in
120 757 212 820 hoe
203 759 334 836 rmperio
358 754 560 831 reformavit,
590 773 682 836 quarn
703 760 833 834 propter
856 773 922 817 rem
952 756 1049 839 longo
1070 763 1179 838 postea
1202 759 1258 821 toti

63 858 132 920 lere
160 863 314 919 terrarum
343 855 412 918 orbi
446 859 620 938 generique
650 856 783 918 burnano
805 855 973 938 legislator
995 857 1137 936 faetus,
1130 876 1260 957 immor·

62 958 219 1038 talemque
241 957 374 1021 nominis
396 957 444 1019 sui
467 956 599 1038 gloriam
621 956 754 1036 adeptus
776 961 837 1019 est.

104 1061 134 1141 5.
145 1059 194 1125 75.
238 1057 428 1120 iustinianus
447 1058 572 1139 origine
597 1056 743 1138 illyricus
764 1057 803 1119 ab
827 1057 985 1120 avunculo
1002 1057 1123 1122 Iustino
1138 1057 1162 1120 1.
1183 1059 1256 1122 Au·

62 1165 175 1243 gustus
209 1164 354 1234 creatus,
384 1174 454 1220 cum
488 1157 525 1219 ab
553 1174 635 1219 anno
660 1181 763 1221 nxxvu
793 1156 881 1220 solus
913 1159 1070 1238 imperare
1094 1158 1256 1238 caepisset,

62 1259 229 1323 consilium
255 1260 347 1321 inivit
373 1259 451 1320 iuris
481 1258 676 1321 emendandi.
727 1259 888 1331 Quatenus
922 1259 976 1321 ille
1004 1258 1173 1322 virtutibus
1204 1258 1257 1322 vel

59 1362 146 1423 vitiis
167 1360 273 1422 clarus
296 1362 347 1436 sit,
373 1365 405 1422 et
426 1359 521 1422 rebus
542 1361 643 1442 gestis
667 1357 720 1421 tel
741 1358 825 1439 domi
849 1358 902 1422 vel
931 1357 1099 1434 inbellis,
1123 1376 1257 1439 quorum
1337 1406 1341 1411 -

60 1461 203 1543 quadam
226 1461 293 1523 eius
309 1463 515 1540 imperatores
529 1459 711 1522 felicissime
723 1465 907 1542 gesserunt,
931 1459 992 1522 boo
1006 1459 1076 1522 loco
1090 1461 1256 1541 preterire

59 1563 153 1626 facile
173 1577 352 1642 possumus.
396 1558 430 1621 ln
453 1562 524 1623 iure
547 1565 650 1622 autem
674 1558 900 1622 emendandos
918 1561 1015 1623 variis
1035 1561 1083 1622 sui
1106 1563 1255 1643 temporis

59 1663 249 1726 doctissimis
277 1662 356 1723 iuris
378 1663 487 1742 peritis
518 1667 566 1724 est
589 1660 726 1737 adiutus,
762 1666 793 1722 et
821 1659 1002 1724 'lriboniani
1032 1678 1101 1725 oum
1125 1663 1257 1724 mameae

59 1763 194 1826 oonsilio
216 1767 247 1823 ot
268 1763 415 1844 ingenio,
438 1763 538 1841 primo
559 1767 623 1823 tum
647 1761 796 1842 temporis
819 1761 1055 1838 iurisconsulti,
1092 1764 1256 1842 quaestoris

60 1864 168 1946 palatii
188 1862 352 1926 iustiniani
365 1864 403 1949 ¹).
1284 1853 1296 1867 ‘

103 1968 133 2047 5.
149 1963 199 2027 to.
244 1962 336 2025 lnitio
361 1963 552 2026 iustinianus
575 1981 694 2027 novum
714 1969 831 2025 tantum
859 1968 891 2025 et
913 1962 1108 2025 emendatum
1136 1963 1258 2044 princi-

59 2083 133 2146 pum
163 2065 416 2127 constitutionum
441 2063 588 2127 Codioem
621 2063 760 2126 condere
782 2064 923 2126 voluisse
945 2063 1092 2139 videtur,
1124 2052 1194 2127 cum
1217 2083 1256 2126 ex

58 2167 208 2228 immensa
227 2163 282 2227 illa
307 2166 564 2228 constitutionum
587 2166 777 2245 copiaque
800 2163 917 2227 (lodice
940 2164 1149 2248 diogeniano,
1172 2164 1257 2228 Her-

56 2267 247 2348 mogeniano
270 2271 301 2327 et
325 2258 544 2327 Theodosiano
567 2264 818 2340 continebantur,
845 2269 876 2326 et
906 2281 946 2326 ex
967 2262 1111 2335 Nouellis
1134 2269 1258 2328 consti-

56 2365 243 2453 tutionibus,
265 2383 334 2447 qum
358 2386 374 2428 a
395 2362 571 2428 'lbeodosio
584 2364 611 2426 ΙΙ
636 2365 710 2428 inde
728 2365 766 2427 ad
788 2382 845 2428 sua
861 2379 964 2446 usque
984 2371 1123 2446 tempora
1136 2370 1257 2432 emissae

56 2472 158 2543 erant,
181 2467 253 2530 illas
270 2467 380 2549 colligi
396 2473 491 2548 atque
506 2483 569 2530 uno
582 2466 741 2529 volumine
755 2465 901 2528 concludi
913 2465 1049 2543 iuberet,
1072 2484 1142 2546 quae
1158 2471 1264 2531 ‘etiam
1284 2519 1288 2530 .

57 2575 123 2630 tum
144 2572 293 2649 temporis
313 2570 345 2630 in
367 2584 427 2630 usu
449 2572 579 2648 essent,
614 2566 762 2629 detractis
783 2572 819 2645 et
841 2566 969 2630 abolitis
991 2568 1153 2646 omnibus,
1184 2587 1254 2650 quae

57 2660 112 2730 vel
136 2668 287 2752 derogata
311 2674 412 2744 erant,
435 2668 487 2731 vel
509 2669 541 2730 in
565 2667 806 2730 desuetudinem
827 2667 969 2730 abierant
983 2667 1023 2755 ²).

66 2757 72 2773 '
99 2787 128 2866 §-
143 2785 193 2848 ιι.
237 2785 306 2857 ouo
332 2783 448 2847 codice
466 2785 624 2865 puntiaco
649 2784 735 2870 (vn.
760 2785 835 2846 reus
857 2785 976 2865 nprna
999 2785 1088 2872 529),
1111 2802 1181 2848 cum
1202 2786 1255 2850 n-

55 2891 143 2946 terea
166 2883 377 2948 intellexisset
397 2888 447 2946 ius
470 2885 574 2963 civile,
604 2885 699 2967 quale
724 2892 808 2962 erat,
840 2886 1016 2949 subsistere
1049 2902 1112 2949 non
1148 2905 1254 2969 posse,

55 2984 96 3048 ad
116 2987 246 3068 gravius
269 3002 348 3066 opus
381 3002 417 3048 se
450 2987 599 3062 contulit,
633 2992 664 3050 et
687 2981 856 3052 Theodosii
876 2983 917 3049 ll.
941 2987 1107 3050 consilinm
1139 3004 1255 3068 prose÷

56 3102 175 3167 quens,
206 3088 302 3149 totius
331 3088 411 3148 iuris
440 3087 630 3151 reformandi
664 3104 790 3168 operam
816 3090 966 3169 suscepit.
1018 3088 1253 3152 instaurandam

55 3205 130 3250 esse
153 3187 431 3267 iurisprudentianr
453 3188 619 3264 censebat,
653 3195 689 3250 ut
709 3190 759 3251 ius
785 3190 887 3270 ipsum
907 3193 1083 3265 constaret,
1116 3188 1253 3269 ideoque

55 3301 207 3351 summum
228 3289 308 3351 iuris
329 3286 466 3351 studium
492 3290 730 3367 instituendum,
752 3288 849 3370 idque
873 3288 1089 3353 collocandum
1116 3291 1148 3351 in
1170 3306 1253 3370 cog-

55 3388 224 3451 noscendis
256 3394 399 3451 veternm
434 3390 729 3452 iurisconsultorum
762 3389 984 3470 praeclarorum
1015 3388 1153 3468 scriptis.
1206 3387 1254 3448 Ex
1305 3420 1306 3425 κ

55 3488 106 3551 bis
127 3490 226 3572 igitur
243 3495 407 3578 extensum
422 3507 512 3570 opus,
534 3488 737 3572 Digestorum
753 3490 863 3567 libros,
883 3491 1026 3571 componi
1040 3489 1144 3565 iussit,
1169 3489 1252 3569 quod

54 3589 320 3671 complecteretur
341 3606 537 3671 quacunque
557 3594 710 3678 exustori
731 3591 978 3672 iurisprudentia
1002 3596 1092 3654 atate
1114 3587 1171 3654 sua
1192 3591 1252 3652 ad-

55 3691 118 3752 buc
140 3691 319 3754 necessaria
343 3691 547 3764 viderentur3
571 3693 622 3753 cui
644 3694 733 3772 operi
746 3691 959 3755 Institutiones
982 3707 1046 3754 seu>
1056 3694 1154 3775 prima
1179 3693 1251 3755 ele·

56 3795 159 3852 menta
184 3790 277 3851 totins
292 3791 430 3870 legitimo
441 3791 578 3852 scientim
594 3792 754 3872 praemisit,
775 3793 944 3856 adiuvandi
960 3793 1056 3856 studii
1070 3795 1149 3856 iuris
1172 3807 1250 3877 gra·
1304 3873 1305 3876 Ἴ

56 3891 110 3952 tia.
155 3890 210 3952 llis
224 3896 333 3972 postea
350 3881 508 3970 codicem,
530 3892 731 3976 praelectione
743 3896 887 3976 repetita,
899 3895 1125 3958 accommodari
1148 3895 1251 3973 iussit,

58 4095 256 4104 ——-.

91 4207 118 4275 1)
139 4210 181 4262 De
200 4211 348 4264 Iustiniano
372 4215 516 4279 praesertim
540 4215 648 4282 legendi
674 4221 741 4271 sunt
758 4217 818 4269 libri
838 4217 992 4284 Procopii'
985 4233 1013 4267 m
1031 4230 1143 4281 corpore
1161 4214 1250 4266 histor.

52 4281 217 4348 Byzantina·
264 4285 363 4335 Bonnae
390 4286 478 4337 denuo
509 4286 588 4338 edito
619 4283 730 4338 1831-
739 4284 815 4340 1833
846 4305 916 4356 opus
945 4286 1109 4341 celeberrimi
1137 4294 1252 4350 tuton,

53 4353 119 4420 (lap
139 4349 836 4419 41-44‚er1·amoere,fflcoaoe0[masmae
862 4306 1053 4414 amm
1072 4355 1170 4408 tvm.

88 4423 118 4548 it)
137 4425 277 4479 Iustiniani
302 4428 502 4482 constitutiones
527 4429 569 4480 de
587 4429 662 4482 Novo
686 4429 786 4483 (lodice
809 4430 935 4484 iaciendo
962 4436 989 4482 et
1013 4428 1179 4482 coniectione
1203 4430 1249 4493 Di-

53 4511 101 4562 ges
114 4511 197 4548 orum
1354 4500 1369 4523 r
