2804 4966
38 4594 71 4648 ι.

66 276 102 332 88
317 322 323 329 ,
397 260 598 318 rnirrrurrcsm
618 277 691 316 rums
711 276 814 315 aonam
833 276 952 317 surram.

71 418 116 480 toa
140 416 192 479 vel
219 413 331 477 modos
352 408 537 491 acquirendi
557 409 728 490 amputares
750 417 781 472 ει
801 407 990 470 uniuersales
1003 409 1208 492 distinguere
1222 429 1273 474 so-

74 519 150 582 lent.
193 515 258 578 Nos
281 530 408 594 quoquc
430 512 561 594 primum
586 511 626 574 da
653 528 758 574 rerum
790 509 986 593 singularum
1013 511 1273 592 acquisitionibus

71 616 261 682 videbimus.

112 723 143 802 ξ.
155 715 227 783 318.
271 713 386 779 Sedet
411 711 502 774 aliam
536 717 571 773 nt
599 712 775 793 primariam
806 710 949 792 regulam
985 711 1060 773 olim
1094 730 1272 794 proponere

72 820 217 885 solebant
239 815 397 892 hodierni,
422 813 461 877 de
484 813 678 894 acquirendo
700 809 961 875 rerum'dominio
976 818 1124 895 agentes,
1149 820 1273 877 contra-

73 925 152 988 riam
175 919 258 982 illam
280 931 368 1002 vero
389 914 467 977 iuris
491 913 594 975 civilis
619 913 751 976 rationi.
789 911 823 972 ln
847 911 990 975 omnihus
1020 914 1105 975 enim
1135 915 1274 994 acquisi-

75 1024 211 1089 tionibus
234 1016 350 1080 titulum
373 1021 404 1078 et
429 1012 549 1075 modum
575 1012 759 1094 acquirendi
787 1012 1015 1090 secernebant,
1047 1019 1199 1095 tanquam
1225 1034 1274 1078 rc-

74 1131 184 1190 motam
205 1127 236 1185 et
255 1119 427 1201 proximum
450 1116 528 1178 iuris
552 1114 737 1195 acquirendi
760 1130 904 1190 causam,
937 1130 1007 1194 quae
1036 1113 1182 1177 definitio
1212 1131 1275 1176 cum

73 1239 311 1307 supervacanea
335 1223 394 1295 est,
418 1223 482 1279 tum
506 1216 584 1279 salsa
605 1216 664 1278 hae
686 1216 795 1278 nititur
817 1217 977 1296 opinione,
996 1234 1035 1278 ac
1056 1218 1084 1279 si
1108 1218 1149 1279 ad
1171 1234 1274 1281 omnes

74 1326 201 1391 dominii
224 1321 452 1403 acquisitiones
476 1320 638 1398 possessio
660 1319 708 1381 rei
729 1319 929 1398 acquirendae
953 1321 1139 1383 necessario
1155 1319 1274 1383 sitadi-

76 1425 239 1510 piscenda,
262 1431 316 1489 aut
335 1423 531 1506 apprehensa
555 1423 629 1506 lege
652 1423 728 1505 tingi
751 1422 865 1484 debeat
877 1423 915 1509 1).

258 1584 326 1638 TIT.
344 1583 378 1636 ll.
414 1583 463 1634 DE
483 1578 737 1632 OOOUPATIONE
755 1576 881 1629 RERUM
899 1576 1058 1659 nunonis
1067 1575 1099 1643 ²).

114 1722 147 1800 ξ.
160 1716 232 1781 319.
277 1713 349 1776 lure
378 1713 519 1797 gentium
544 1709 735 1791 acquirimus
770 1708 994 1790 occupatione,
1026 1715 1219 1776 accessione
1248 1717 1276 1776 et

76 1817 254 1880 traditione.

120 1914 343 1996 Occupatiouis
371 1910 558 1975 vocabulum
588 1910 740 1994 gencrale
762 1916 831 1987 est,
860 1929 897 1973 ac
921 1928 1043 1974 ornnem
1066 1913 1276 1994 possessionis

77 2019 124 2081 rei
147 2014 429 2097 apprehensionem
451 2011 644 2075 demonstrat
655 2012 682 2092 ⁸)
690 2029 699 2086 3
724 2011 915 2090 interpretes
937 2016 1039 2073 autem
1065 2015 1277 2094 occupationis

78 2117 202 2179 nomine
236 2112 396 2194 appellant
424 2130 530 2175 rerum
562 2109 681 2173 nullius
711 2110 995 2192 apprehensionem
1021 2113 1126 2176 animo
1153 2114 1277 2178 dominii

78 2217 109 2279 in
135 2234 171 2277 ea
195 2212 381 2294 acquirendi
404 2214 525 2275 iactam.
569 2212 642 2274 Haec
671 2213 855 2292 acquisitio,
888 2212 944 2275 illo
976 2222 1138 2296 praeccpto
1163 2217 1275 2279 nitens:

79 2314 182 2397 ,qnod
206 2312 325 2376 nullius
349 2317 416 2389 est,
450 2312 482 2375 id
505 2313 605 2392 primo
634 2313 799 2392 occupanti
823 2312 1062 2400 conceditur“⁴)
1096 2333 1160 2378 nou
1193 2315 1277 2377 aliter

78 2418 180 2480 locum
203 2415 316 2490 hahet,
352 2431 443 2494 quarn
468 2414 495 2475 si
518 2415 589 2494 quis
612 2415 846 2493 possessionem
868 2415 914 2475 rei
936 2413 1055 2477 nullius
1077 2415 1277 2496 adipiscitur,

77 2516 235 2599 simulque
250 2519 386 2580 animum
409 2517 513 2594 habet,
536 2534 603 2579 earn
625 2534 712 2580 suam
734 2516 882 2580 faciendi.

121 2624 150 2704 ξ.
163 2621 235 2686 320.
279 2621 412 2685 Nonnisi
432 2640 495 2699 res,
516 2639 586 2701 quae
609 2620 765 2683 dominum
785 2637 847 2681 non
867 2620 991 2696 habent,
1015 2620 1069 2682 vel
1084 2638 1151 2684 non
1167 2621 1279 2685 hahere

80 2724 150 2799 iure
173 2723 352 2806 linguntur,
384 2723 444 2785 hoc
464 2721 763 2802 modooccupantis
785 2721 853 2783 lieri
876 2726 1028 2802 possunt,
1059 2727 1095 2782 ut
1116 2728 1194 2785 sunt
1215 2724 1280 2785 ani·

79 2821 170 2886 malia
198 2821 264 2885 iera
285 2822 318 2884 in
339 2820 483 2885 libertate
504 2822 640 2885 naturali
661 2822 819 2904 vagantia,
841 2822 952 2884 aliaeve
973 2838 1025 2885 res
1047 2821 1203 2901 mobiles,
1225 2823 1280 2886 do-

80 2924 192 2985 minum
215 2941 277 2986 non
300 2922 464 3000 hahentes,
487 2929 521 2985 ιιι
544 2929 574 2986 ει
593 2939 646 2984 res
668 2921 844 2997 derelictae;
867 2923 941 2985 item
963 2938 1015 2984 res
1037 2922 1188 3001 hostium,
1217 2941 1279 2986 cum

82 3022 196 3103 quihus
219 3022 334 3084 iustum
358 3029 406 3086 est
429 3022 566 3100 bellum,
588 3023 727 3102 denique
748 3023 881 3103 praedia,
907 3039 977 3103 qua>
997 3021 1117 3084 nullius
1141 3031 1233 3103 sunt,
1253 3029 1280 3086 ct

80 3123 150 3206 agri
171 3123 290 3185 deserti
312 3124 350 3185 ah
372 3128 546 3204 occupante
568 3124 628 3185 coli
644 3124 790 3210 coeptit).
834 3123 910 3205 lnde
927 3124 1024 3186 variae
1040 3128 1279 3204 occupationum

81 3223 187 3306 lormae
208 3225 290 3286 inter
312 3242 347 3287 se
371 3225 525 3309 distingui
547 3227 668 3302 solent,
693 3233 727 3287 ιιι
749 3226 890 3295 cenatio.
919 3225 1068 3305 piscatio,
1104 3225 1280 3305 aucupiam,

80 3323 229 3398 inventio,
252 3328 415 3404 occupatio
440 3325 557 3402 baltico,
583 3332 616 3388 et
638 3326 799 3404 occupatio
822 3326 1009 3408 simpliciter
1031 3329 1078 3390 sic
1102 3327 1200 3392 diota.

121 3428 151 3507 ξ.
164 3424 236 3489 321.
280 3424 387 3488 Omnia
411 3427 509 3508 igitur
531 3426 673 3490 animalia
696 3426 782 3506 iera,
805 3445 875 3508 quae
896 3433 992 3505 terra,
1015 3430 1047 3490 in
1073 3431 1152 3494 mari
1177 3430 1232 3495 vel
1252 3433 1280 3494 in

83 3526 157 3587 a'c're
190 3525 328 3608 degunt,
365 3526 500 3589 naturali
531 3527 653 3589 ratione
687 3529 786 3607 primo
819 3529 984 3608 occupanti
1012 3531 1235 3594 conceduntur
1244 3531 1280 3617 ι).
1318 3515 1320 3520 ¹

84 3624 291 3705 Apprehensa
314 3626 464 3689 videntur
493 3646 562 3689 cum
584 3632 638 3689 aut
659 3627 827 3690 interiecta
856 3629 920 3690 sint
942 3647 959 3690 a
983 3630 1094 3709 nobis,
1126 3638 1183 3696 aut
1214 3635 1282 3696 viva

83 3729 191 3804 capta,
224 3729 259 3785 ut
288 3724 402 3808 fugere
420 3745 451 3788 ·e
472 3728 613 3790 custodia
638 3733 828 3814 nostranon
861 3731 983 3809 possint
995 3729 1034 3820 ⁷).
1078 3731 1282 3797 Vulneratun

86 3846 283 3858 --—-—-—·-

117 3897 147 3964 1)
167 3898 236 3950 Vide
255 3898 407 3965 Haponcm,
429 3903 507 3955 uicit.
529 3901 739 3967 nusquamst.
758 3899 784 3954 4.
803 3920 828 3969 p.
841 3900 989 3956 137-184.
1064 3906 1067 3912 ’

118 3968 145 4035 2)
167 3970 191 4030 ἓ.
212 3965 385 4022 12—18.48.
404 3973 424 4022 l.
443 3973 470 4022 h.
487 3977 505 4022 ι.
525 3969 563 4037 (1,
582 3969 619 4035 2).
637 3976 668 4024 fr.
689 3971 767 4025 3-5.
787 3975 820 4025 D.
836 3974 896 4026 cod.
918 3972 974 4039 (41,
993 3973 1030 4040 1).

118 4038 147 4105 3)
167 4042 316 4106 Occupatis
337 4043 441 4095 ιιοιιιιίει
461 4060 477 4093 c
489 4042 680 4096 recentioribus
691 4045 872 4112 angustiorem
883 4061 991 4098 sensum
1003 4047 1118 4114 accepit,
1140 4063 1195 4116 quc
1207 4048 1284 4101 hodic

84 4114 157 4165 illam
177 4113 358 4179 intelligimus.

120 4181 148 4248 4)
168 4185 210 4236 Fr.
230 4183 255 4236 3.
272 4201 310 4251 pr.
331 4185 364 4234 D.
383 4185 410 4233 h.
426 4188 444 4233 t.
464 4183 488 4242 ἓ.
507 4182 549 4235 12.
568 4184 589 4232 Ι.
608 4183 674 4235 ibid.
695 4182 754 4234 aar.
773 4182 797 4235 2.
819 4185 843 4246 ἓ.
862 4184 976 4239 66-69.

121 4253 149 4319 ὃ)
168 4256 255 4321 Vulgo
273 4256 330 4307 hacc
348 4255 487 4322 acquisitio
505 4255 541 4304 ad
560 4255 750 4320 occupationes
767 4272 822 4310 non
840 4260 958 4310 refertur.

120 4323 149 4388 6)
168 4326 190 4386 §-
211 4324 253 4377 12.
275 4327 295 4379 Ι.
315 4327 357 4378 cit.
376 4329 407 4377 fr.
426 4325 452 4377 1.
471 4325 494 4385 §-
513 4325 537 4377 1.
556 4327 590 4376 D.
611 4323 649 4390 (h.
668 4323 706 4390 t).

85 4465 92 4478 1
119 4391 147 4516 7)
167 4397 483 4520 ngculgushqutaestionem
504 4396 539 4450 da
563 4412 628 4464 apro
647 4397 752 4464 laqueis
771 4402 850 4465 capto
867 4397 948 4451 variis
972 4396 1192 4455 distinctionibus
1208 4399 1287 4455 solvit

83 4480 112 4515 ιιι
145 4483 165 4517 r.
222 4504 229 4518 .
275 4505 281 4519 .
320 4505 327 4519 .
358 4505 365 4521 .
483 4518 485 4523 .
543 4494 548 4506 .
