2804 4966
518 321 600 360 uras
610 322 641 360 ιι.
655 321 870 362 sarnetum.
1246 311 1299 367 187

159 456 257 542 pite.
301 454 496 519 lastinianus
514 470 643 536 qnoque
666 454 784 534 statuit,
807 460 853 529 ut,
874 454 902 516 si
922 451 1027 529 heres,
1049 461 1197 519 currente
1212 458 1299 521 deli-

127 558 271 622 berationis
297 557 403 636 spatio
432 554 502 631 vel,
533 556 562 617 si
583 555 648 617 tale
668 560 791 635 tempus
814 554 843 616 ei
869 554 974 617 datum
995 572 1058 616 non
1081 566 1183 632 esset,
1218 559 1299 621 intra

127 675 216 721 annun
236 674 276 721 ex
287 661 442 735 tempore,
464 670 528 734 quo
541 652 673 716 delatam
692 654 752 716 sibi
767 653 972 716 hereditatem
987 670 1060 716 esse
1073 654 1193 732 scierit,
1212 675 1300 719 rnor-

125 763 181 821 tuus
196 759 251 832 sit3
274 754 436 819 hereditas
457 756 488 817 ei
511 754 615 817 delata
637 754 676 818 ad
696 753 833 817 heredes
854 771 931 817 suos
951 755 1224 829 transmitteretur,
1245 758 1299 835 qui

123 861 186 921 lutra
209 857 368 937 reliquum
388 859 511 936 tempus
535 872 602 917 eant
624 856 791 935 acquirere
818 861 959 936 possent.
1003 855 1076 917 llaec
1107 856 1300 917 transmissio

121 959 292 1022 1ιιοι1ωσο
314 961 448 1020 uocatur
458 956 496 1036 1).

155 1060 257 1144 0601.
299 1058 448 1139 Denique
476 1057 504 1119 si
532 1057 578 1133 is,
611 1057 663 1119 cui
687 1055 846 1119 hereditas
868 1054 971 1118 delata
999 1059 1085 1131 erat,
1116 1052 1300 1133 reipublice

117 1176 197 1222 causa
223 1158 340 1221 absens
362 1157 571 1233 decessisset,
601 1155 772 1218 heredibus
801 1156 871 1217 eius
900 1156 932 1216 in
955 1157 1113 1237 integrum
1139 1154 1299 1217 restitutio

115 1258 167 1321 ian
184 1257 409 1340 captatoribus
432 1255 576 1332 dabatur,
600 1262 635 1317 ut
658 1254 798 1317 defuncti
819 1254 891 1317 loco
912 1256 973 1336 ipsi
995 1254 1202 1317 hereditatem
1224 1270 1300 1316 sus-

115 1359 207 1439 cipere
225 1357 281 1421 vel
301 1357 458 1420 bonorum
480 1357 715 1436 possessionem
737 1360 847 1436 petere
870 1361 1018 1435 possent,
1043 1371 1114 1435 quar
1137 1373 1176 1416 aa
1199 1354 1301 1434 capite

112 1457 147 1520 ar
160 1457 301 1538 iotepraar
323 1455 526 1519 restitutionis
545 1455 737 1517 nummasio
758 1454 990 1541 appellaturi).

153 1562 176 1641 ξ.
186 1558 255 1624 668.
299 1557 463 1621 Amittitar
484 1572 612 1636 quoque
634 1557 664 1617 ei
688 1556 848 1618 hereditas
870 1555 985 1632 delata,
1010 1556 1065 1636 qui
1079 1556 1298 1636 acquisitionis

111 1662 248 1739 tenpore,
272 1675 342 1721 eanr
351 1657 546 1737 suscipiendi
559 1659 691 1737 incapax
704 1656 805 1718 lactus
820 1661 897 1732 erat,
922 1658 996 1718 item
1022 1659 1063 1732 ei,
1077 1658 1129 1718 cui
1153 1661 1298 1736 anquam

112 1757 229 1840 indigno
252 1758 294 1821 ob
316 1755 464 1821 delictum
487 1757 642 1819 adversus
665 1756 845 1820 defunctum
868 1755 1002 1819 aliamve
1026 1756 1065 1818 ob
1090 1773 1215 1819 causam
1239 1756 1299 1818 be-

114 1857 218 1923 reditar
239 1859 386 1940 cripitur,
407 1862 442 1922 et
459 1855 536 1919 lisco
560 1856 788 1943 vindicaturi).

570 2078 819 2090 ...—.---—--

637 2280 705 2344 tlt.
725 2281 755 2346 1.

152 2447 206 2529 ub
221 2463 435 2548 manuus,
458 2462 817 2531 amascomussrs
838 2463 897 2528 nu
918 2463 1083 2533 moeurs
1105 2465 1255 2534 ceusu

501 2561 895 2652 nounuroureusp.
1114 2570 1118 2574 ’

135 2743 227 2808 uun
262 2716 316 2807 bui
334 2754 467 2811 verear
485 2755 572 2811 rusa
591 2754 820 2809 uuenuoauu
837 2755 885 2807 au
902 2752 1274 2808 umeroouurssoeuu.

153 2899 257 2981 toto.
299 2902 480 2967 Testatores
509 2922 571 2967 non
599 2904 699 2966 solum
728 2904 864 2967 heredes
894 2905 1061 2966 instituere
1087 2902 1209 2979 solent,
1239 2904 1296 2966 sed

121 2997 275 3069 etiamalio
299 3004 392 3068 modo
415 3005 620 3068 liberalitates
644 3007 675 3066 in
699 3006 777 3068 alios
799 3005 976 3080 conferunt,
998 3002 1170 3065 heredibus
1186 3003 1296 3066 iniun-

68 3082 72 3101 ’
121 3102 221 3184 aenio,
249 3114 285 3168 ut
304 3110 361 3168 ant
382 3122 436 3168 res
457 3103 552 3167 alicui
573 3105 662 3182 dent,
685 3111 739 3167 aui
761 3103 878 3185 aliquid
900 3109 1068 3185 praestent,
1101 3108 1155 3165 aut
1176 3110 1295 3184 partem

121 3190 283 3271 hereditatis
306 3208 483 3270 restituant.
528 3205 650 3268 ldcirco
673 3205 821 3268 dehisce
843 3204 1084 3281 donationibus,
1111 3221 1181 3285 quae
1201 3222 1296 3268 causa

122 3308 208 3369 nortis
231 3314 264 3370 et
284 3308 473 3389 plerumque
496 3308 529 3371 in
553 3309 747 3370 testamentis
770 3308 839 3370 fieri
861 3307 982 3385 solent,
1014 3308 1075 3370 hoc
1098 3307 1170 3371 loco
1193 3307 1295 3388 dispi-

123 3396 244 3470 ciendum
269 3408 370 3493 est5).

149 3500 214 3569 dum
236 3513 342 3571 autem
364 3508 396 3569 in
417 3507 475 3570 bac
497 3509 575 3569 iuris
596 3513 685 3588 parte
708 3509 778 3572 aliae
800 3510 862 3570 sint
883 3509 963 3572 iuris
977 3511 1107 3587 veteris,
1129 3510 1198 3572 aliie
1215 3511 1293 3572 iuris

119 3605 174 3756 ptri
192 3607 328 3692 repulse,
352 3609 486 3689 primum
507 3608 547 3671 de
569 3610 695 3693 origine
719 3616 751 3671 et
770 3627 944 3693 progressu
963 3609 1057 3672 huius
1078 3610 1156 3673 iuris
1179 3609 1293 3675 dicen-

134 3714 171 3768 tur
194 3713 253 3771 est.

145 3805 169 3889 1.
180 3807 253 3875 610.
297 3808 526 3891 Antiquissimo
553 3809 624 3873 iure
652 3828 798 3890 romano,
829 3812 857 3874 si
888 3816 1020 3874 testator
1050 3829 1090 3874 ex
1119 3829 1178 3891 co,
1208 3810 1292 3894 qnod

68 3862 72 3969 1
116 3918 296 3948 κ..-

68 4046 70 4061 “
135 4046 157 4117 1)
174 4051 205 4105 (1.
226 4051 271 4107 19.
288 4052 319 4107 (1.
338 4051 400 4105 sod.
419 4067 443 4105 ο.
461 4067 506 4108 un.
525 4054 550 4118 θ.
568 4052 594 4108 5.
613 4056 643 4108 O.
663 4053 695 4109 51
717 4051 764 4122 (de
781 4055 877 4108 osduo.
894 4053 973 4121 toll).

134 4119 158 4189 2)
176 4123 221 4175 Fr.
240 4120 286 4175 30.
304 4141 344 4191 pr.
369 4119 412 4176 86.
432 4141 471 4192 pr.
493 4128 527 4181 D.
546 4127 589 4190 29,
609 4126 626 4178 2
650 4123 698 4192 (de
716 4141 774 4195 aea
791 4128 837 4179 ael
855 4128 937 4180 omitt.
956 4128 1070 4192 heredi

131 4193 157 4260 3)
174 4195 219 4247 l'r.
235 4193 281 4253 43·
301 4195 324 4256 §-
344 4193 421 4249 1111.
443 4193 487 4259 28,
506 4198 523 4253 6
541 4196 589 4265 (de
606 4195 729 4264 subibit).
748 4197 862 4263 1).34,9
880 4197 927 4264 (de
945 4201 987 4251 his
998 4201 1096 4266 quibat
1107 4201 1136 4247 at
1152 4189 1290 4260 indlgnis).

128 4261 155 4332 4)
175 4262 207 4317 D·
224 4266 245 4319 l.
262 4267 499 4322 XXX-XXXVI.
514 4271 561 4325 lib.
578 4269 701 4321 XXXIX.
718 4268 743 4322 6.
764 4270 823 4321 Gai.
841 4270 866 4325 2.
885 4267 1073 4329 §.191-289.
1111 4267 1173 4332 Ulp.
1192 4266 1290 4319 XXIV.

98 4336 174 4390 XXV.
195 4338 274 4390 Paul.
293 4353 356 4390 rece
374 4343 393 4388 t.
414 4346 481 4391 sent.
499 4343 547 4394 111.
557 4340 582 4394 6.
601 4341 648 4392 IV.
666 4341 692 4393 1.
711 4341 740 4392 O.
759 4341 806 4393 VI.
818 4339 860 4394 37.
877 4339 920 4395 50.
966 4341 1087 4403 Holtiitt,
1107 4339 1290 4393 [sacomam

95 4408 130 4474 10.
147 4406 303 4467 iil-ato.
320 4355 492 4463 701412(
1123 4406 1128 4424 ’

123 4475 155 4548 5)
176 4478 240 4539 (iti.
259 4480 286 4538 2·
303 4479 329 4544 5.
345 4479 407 4561 191.
426 4485 454 4537 ti
468 4498 510 4549 vt·
529 4484 550 4537 1.
567 4482 596 4539 h.
612 4487 632 4537 i·
651 4476 690 4550 (2,
707 4479 763 4546 20).
