2798 4972
478 320 557 360 ιιιιιι
573 320 604 358 ιι.
623 320 690 358 unns
709 321 728 358 ι.
751 320 810 358 our.
827 320 869 361 ιιι.
1223 314 1275 369 123

25 438 28 443 ’
66 451 130 513 Ρει
153 467 251 513 unum
273 449 394 513 socium
415 448 570 510 communi
594 448 663 510 solo
683 447 825 510 servitus
845 450 966 528 acquiri
987 466 1051 512 non
1072 459 1193 533 potest,
1216 454 1274 517 sed

69 557 138 613 tum
164 550 286 614 demum
310 550 479 613 constituto
505 547 646 611 habenda
675 552 742 625 est,
775 567 844 611 cum
877 567 984 613 omnes
1015 553 1127 632 predii
1157 555 1274 620 domini

69 652 347 737 consenserintl).
391 648 597 712 Ususiructus
628 653 706 712 'vero
733 667 791 730 pro
822 656 912 730 parte
934 651 1036 715 divisa
1060 653 1112 714 vel
1137 655 1273 720 indivisa

69 753 221 816 constitui
244 751 404 836 potent).
448 750 589 829 ideoque
619 756 650 812 et
672 751 703 811 in
724 769 760 812 ιε
781 754 936 813 communi
960 753 1187 817 usumfructum
1218 776 1275 819 ec-

69 854 202 934 quirere
226 868 394 933 possumus
420 870 479 932 pro
509 854 598 931 parte
627 851 768 927 scilicet,
801 870 861 932 qna
890 870 942 915 res
973 853 1075 917 aliena
1109 862 1167 917 est.
1213 858 1274 922 Sed

68 952 478 1033 communipncdioneque
498 953 631 1031 imponi,
655 968 758 1031 noque
782 954 903 1032 acquiri
925 955 1065 1016 servitus
1088 963 1193 1035 potest
1215 977 1274 1039 per

68 1075 154 1133 eum,
178 1057 233 1136 qui
256 1059 288 1116 et
309 1053 441 1116 alterius
465 1051 575 1133 praedii
599 1053 743 1115 dominus
767 1059 832 1129 est,
858 1071 927 1115 eum
950 1055 1034 1133 quod
1057 1073 1109 1117 res
1131 1074 1188 1120 sua
1211 1077 1272 1121 ne-

68 1160 145 1220 mini
168 1158 279 1232 servit,
303 1161 368 1216 tum
382 1154 466 1235 quod
483 1171 541 1234 pro
557 1160 646 1234 parte
663 1154 802 1216 servitus
817 1155 928 1235 praedii
945 1158 1093 1218 constitui
1109 1161 1219 1238 nequit
1231 1160 1270 1246 8).

109 1264 141 1343 ξ.
150 1257 225 1324 436.
268 1257 413 1336 Denique
427 1255 588 1317 sciendum
612 1261 671 1330 est,
694 1256 865 1318 servitutes
886 1257 955 1336 ipso
979 1256 1104 1337 quidem
1119 1259 1273 1321 iurene-

66 1379 132 1443 que
156 1378 197 1422 ex
221 1365 381 1439 tempore,
405 1356 569 1437 nequead
592 1363 733 1436 tempus,
756 1374 860 1436 neque
884 1357 943 1418 sub
965 1357 1145 1421 conditione
1168 1377 1283 1440 neque.

68 1461 109 1523 ad
130 1466 249 1523 certam
272 1459 494 1533 conditionem,
517 1457 615 1518 veluti
637 1455 779 1536 quamdiu
794 1455 912 1531 *octone
934 1459 1083 1520 constitui
1106 1477 1218 1539 posse:
1242 1463 1270 1523 si

66 1567 174 1624 temen
199 1558 268 1621 haec
289 1559 494 1634 adiiciuntur,
524 1576 581 1639 per
609 1559 690 1638 pacti
722 1558 774 1619 vel
798 1577 855 1638 ρει
882 1557 949 1621 doli
973 1560 1189 1640 exceptionem
1214 1579 1272 1624 oc-

68 1665 220 1724 curretur
236 1664 345 1722 contra
361 1659 475 1741 piacita
491 1661 675 1720 servitutem
695 1657 876 1720 vindicanti.
921 1658 1045 1721 Modum
1061 1666 1163 1722 autem
1178 1660 1271 1724 adiici

64 1778 166 1843 posse
188 1765 311 1822 constat
321 1759 357 1842 ⁴).

112 1860 228 1944 §.42⁹st
271 1858 461 1921 Praetorem
491 1859 662 1919 servitutes
696 1859 786 1920 ctiam
815 1857 912 1940 longa
946 1861 1035 1938 quasi
1065 1860 1271 1941 possessione

65 1965 286 2044 acquiruntur.
331 1959 466 2038 Usuoapi
486 1958 559 2020 olim
575 1976 638 2020 non
656 1963 812 2038 poterant,
835 1958 887 2019 vel
903 1959 975 2038 quia
989 1976 1041 2020 res
1055 1960 1270 2040 incorporales

66 2068 160 2126 erant
175 2061 221 2148 15),
254 2061 307 2123 vel
338 2060 421 2140 quod
449 2077 511 2122 non
536 2060 686 2122 continuo
711 2058 952 2139 possidebantur
966 2061 1013 2144 ⁶),
1044 2065 1075 2121 et
1101 2060 1140 2122 ob
1163 2061 1268 2144 legem

63 2164 259 2228 Scriboniam
272 2161 311 2248 ⁷),
335 2177 405 2241 quae
422 2158 574 2222 eiusmodi
591 2161 812 2240 usucapionem
828 2158 1011 2221 sustulerat.
1036 2159 1147 2223 Postea
1163 2168 1267 2224 autem

63 2263 213 2340 invaluit,
234 2267 278 2340 nt,
300 2262 328 2325 si
354 2263 425 2342 quis
449 2261 597 2323 diuturno
623 2278 682 2322 usu
704 2267 735 2322 ct
757 2261 851 2342 longa
876 2261 966 2340 quasi
990 2263 1194 2341 possessione
1215 2265 1265 2325 ius

62 2364 193 2446 aliquod
218 2366 249 2427 in
270 2362 389 2444 praedio
412 2362 517 2425 vicino
541 2368 650 2424 nactus
674 2368 770 2439 esset,
793 2379 855 2423 non
878 2363 907 2423 ei
930 2379 1063 2424 necesse
1088 2369 1185 2439 esset,
1208 2364 1269 2426 do-

63 2483 141 2529 cere
169 2465 209 2527 dc
231 2467 321 2540 iure,
354 2481 417 2543 quo
442 2462 518 2524 illud
543 2465 745 2525 constitutum
767 2464 839 2524 sitz·
862 2481 930 2525 nam
962 2463 1046 2524 utilis
1076 2465 1106 2525 ei
1137 2462 1269 2526 dabatur

64 2567 169 2642 actio,
194 2570 230 2626 ut
252 2563 453 2627 ostenderet:
479 2582 536 2644 ρει
561 2581 658 2626 annos
681 2564 763 2626 torte
785 2569 831 2625 tot
854 2582 944 2626 usum
968 2581 1003 2626 se
1028 2565 1184 2627 servitute
1206 2582 1268 2628 non

64 2669 112 2745 vi,
135 2684 199 2729 non
221 2666 318 2742 clam,
341 2683 401 2727 nec
422 2665 567 2745 precario
579 2664 619 2754 ⁸).
663 2664 729 2727 Hoc
750 2667 800 2726 ins
822 2684 838 2726 a
859 2664 1031 2728 Iustiniano
1055 2665 1268 2728 confirmatum

67 2774 138 2845 est,
173 2766 262 2830 etad
290 2766 526 2853 similitudinem
551 2767 679 2829 dominii
701 2785 759 2846 per
780 2768 1048 2848 praescriptionem
1078 2766 1186 2830 decem
1215 2767 1268 2830 vel

64 2870 184 2953 viginti
206 2885 356 2931 annorum
381 2869 565 2948 acquirendi
587 2870 628 2930 ita
652 2869 829 2944 definitum,
859 2875 893 2930 ut
914 2869 953 2945 is,
977 2868 1030 2948 qui
1056 2886 1093 2930 eo
1117 2869 1267 2950 temporis

63 2971 169 3050 spatio
191 2969 376 3030 servitutem
400 2987 459 3030 nec
483 2969 525 3044 vi,
549 2986 608 3030 nec
631 2967 721 3045 clam,
744 2988 804 3031 nee
826 2969 972 3048 precario
996 2971 1211 3046 exercuisset,
1235 2975 1267 3031 ct

62 3069 157 3133 simul
182 3085 240 3130 suo
259 3071 330 3130 inre
347 3069 391 3130 uti
413 3068 611 3144 credidisset,
634 3087 700 3130 eam
714 3068 924 3149 acquisivisse
939 3073 1024 3130 esset
1037 3067 1265 3155 censendus9).

65 3171 186 3231 iustum
212 3167 335 3231 titolum
360 3168 541 3249 praecedere
571 3168 705 3244 debere,
737 3183 891 3246 nusquam
915 3168 1106 3247 praecipitur.
1151 3168 1267 3231 Usum-

61 3273 201 3335 fructum
226 3274 422 3348 ceterasque
456 3286 662 3350 personarum
698 3267 868 3330 servitutes
902 3268 960 3328 hac
994 3266 1082 3350 longi
1115 3272 1265 3352 temporis

60 3371 303 3454 prescriptione
323 3369 365 3432 ita
388 3386 484 3449 posse
507 3370 646 3449 acquiri,
677 3368 762 3430 nulla
787 3369 860 3451 iege
884 3375 1035 3445 cavetur,
1060 3371 1202 3450 quamvis
1227 3389 1266 3432 ex

98 3633 128 3701 1)
149 3637 192 3687 Fr.
211 3635 253 3689 11.
275 3633 304 3688 D.
324 3635 382 3702 8,1
404 3635 452 3704 (de
471 3634 558 3704 seru).
577 3640 608 3688 fr.
619 3635 644 3689 5.
661 3636 686 3690 6.
705 3636 763 3697 §.2
787 3633 816 3686 D.
836 3637 861 3700 8,
879 3635 897 3688 4
916 3636 965 3704 (tit.
984 3635 1049 3704 cin).
1067 3640 1097 3690 fr.
1116 3636 1159 3693 19.
1175 3640 1207 3690 fr.
1219 3637 1263 3691 32.

61 3703 95 3759 D.
114 3705 140 3772 8,
160 3707 178 3760 3
196 3705 243 3774 (de
263 3708 338 3767 mr.
356 3706 409 3774 tt).

97 3777 127 3844 2)
145 3781 188 3831 Fr.
206 3778 231 3831 5.
253 3777 283 3831 D.
301 3778 327 3843 7,
345 3780 360 3831 1
376 3779 424 3845 (de
443 3777 544 3847 unuin).

96 3850 126 3917 3)
146 3851 190 3901 Fr.
210 3847 234 3902 8.
253 3851 276 3912 ἓ.
296 3851 320 3903 1.
341 3853 374 3902 D.
393 3849 451 3914 8,1
474 3847 522 3916 (de
540 3849 629 3916 serm).
648 3853 679 3903 fr.
698 3850 741 3903 26.
763 3851 795 3901 D.
815 3846 841 3914 8,
862 3849 879 3903 2
896 3849 943 3918 (de
961 3852 987 3906 S.
998 3855 1027 3903 Ρ.
1047 3847 1102 3917 11.).

95 3919 127 3988 4)
146 3923 189 3973 Fr.
208 3919 235 3975 4.
252 3940 292 3990 pr.
312 3921 335 3981 ἓ.
354 3921 378 3974 1.
398 3923 422 3974 2.
442 3923 475 3972 D.
495 3924 522 3973 h.
539 3928 557 3974 t.
594 3924 641 3974 Est
660 3925 711 3973 hoe
730 3923 871 3988 vestigium
890 3924 1264 3992 veterisiuris,quoserv1-
1366 3919 1370 3926 ’

59 3999 131 4047 tutes
150 3995 256 4045 nonnisi
277 4009 324 4061 per
343 3995 371 4044 in
388 3995 445 4046 iure
463 3996 608 4047 cessionem
629 3995 673 4045 vel
692 3995 916 4060 mancipationem
938 3996 1173 4047 constituebantur.
1199 3997 1262 4045 Pro·

59 4067 130 4118 miei
146 4066 196 4117 sub
217 4065 259 4115 die
279 4067 321 4118 vel
340 4066 493 4117 conditione
512 4067 623 4118 servitus
640 4070 735 4132 potest.
753 4068 784 4116 fr.
804 4063 847 4116 98.
866 4069 900 4117 D.
921 4064 999 4130 45,1
1021 4065 1064 4130 (D.
1087 4067 1118 4117 V.
1139 4062 1192 4129 O.).

98 4135 127 4200 5)
148 4136 192 4187 Fr.
212 4133 256 4188 43.
275 4135 298 4194 ἓ.
318 4134 343 4185 1.
362 4137 394 4187 Ι).
416 4133 460 4199 41,
481 4135 493 4187 1
515 4134 562 4202 (de
578 4139 610 4186 A.
629 4137 659 4187 tt.
680 4133 734 4200 11.).
754 4140 785 4188 fr.
804 4138 828 4191 9.
847 4140 880 4190 D.
900 4136 943 4202 41,
961 4136 978 4189 3
998 4135 1046 4204 (de
1063 4133 1174 4204 usurp).

96 4204 126 4271 6)
145 4207 190 4258 Fr.
207 4204 249 4259 14.
268 4223 307 4273 pr.
326 4208 359 4256 D.
379 4203 438 4269 8,1
461 4204 508 4273 (de
529 4204 618 4272 serm).

95 4277 125 4343 7)
144 4279 188 4329 Fr.
207 4276 233 4329 4.
252 4276 275 4336 ἓ.
291 4276 333 4331 29.
352 4279 386 4329 D.
404 4276 448 4340 41,
468 4277 485 4330 3
505 4275 551 4343 (de
571 4295 645 4331 uene.
664 4283 691 4330 ot
715 4280 825 4346 usurp).

68 4364 73 4370 '
96 4347 124 4415 8)
147 4350 192 4401 Fr.
216 4346 257 4401 10.
278 4366 317 4415 ρι.
338 4350 372 4399 D.
391 4348 416 4412 8,
436 4347 453 4401 4
471 4346 518 4415 (de
538 4366 605 4402 serv.
624 4348 727 4416 petat).
747 4353 778 4402 fr.
800 4349 825 4403 5.
844 4355 875 4404 fr.
887 4351 911 4404 8.
929 4352 962 4402 D.
982 4347 1078 4413 43,19
1104 4346 1152 4417 (de
1169 4349 1261 4402 itinere

60 4426 177 4490 actuque
196 4419 321 4487 privato).
339 4421 371 4471 fr.
392 4420 415 4470 1.
435 4418 459 4480 §-
479 4419 521 4472 23.
540 4423 573 4473 D.
593 4420 636 4484 39,
654 4419 672 4474 3
691 4419 739 4488 (de
757 4439 828 4490 aqua
842 4430 868 4477 et
885 4439 956 4491 aquo
976 4419 1093 4490 pluviae).

96 4490 126 4559 9)
144 4493 189 4544 Fr.
209 4493 272 4560 Arg.
291 4508 315 4543 e.
335 4490 360 4543 1.
379 4491 408 4544 0.
426 4491 470 4555 33,
490 4490 506 4542 3
527 4487 661 4556 (deserv.
680 4499 706 4544 et
725 4491 815 4563 aqua).
