2804 4966
546 380 548 383 .
608 317 797 355 arraonocrro.
1263 312 1298 366 25
1359 294 1362 300 ’

141 448 233 533 §.ab
279 447 411 510 Secutus
434 451 483 507 est
497 446 528 506 in
552 445 725 508 ordinando
748 444 809 508 boo
829 463 926 526 opere
946 445 1149 527 lustinianus‚
1174 457 1207 512 ut
1228 454 1296 534 ipsa

99 553 143 614 ait
152 550 192 637 ¹),
216 547 283 610 Gaii
303 543 519 607 iurisconsulti
532 545 764 608 Institutionum
779 547 1018 610 commentarios
1035 547 1170 629 eiusque
1191 569 1296 616 rerum

100 651 348 733 quotidianarum
371 645 482 721 libros,
509 645 632 726 aliaque
655 647 767 709 similia
790 653 932 710 veterum
955 648 1142 729 prudentum
1166 653 1295 734 scripta,

100 770 201 832 eaque
224 750 261 814 ad
284 748 414 810 verbum
439 748 607 829 aliquando
627 747 806 828 descripsit.
851 748 1000 812 Ordinem
1023 769 1150 832 quoque
1166 755 1197 815 in
1220 756 1295 836 plu-

99 853 187 918 rimis
212 850 322 912 borum
336 854 496 928 receptum
517 848 685 926 servando,
708 849 747 911 de
767 851 912 930 personis
927 852 1070 932 primunr,
1094 853 1167 916 dein
1179 855 1218 918 de
1240 874 1296 918 re-

100 955 178 1028 bus,
213 957 244 1014 et
267 950 306 1012 de
327 947 504 1011 actionibus
532 949 669 1029 denique
693 949 852 1011 disseruit.
906 949 1058 1028 Constant
1080 952 1296 1018 institutiones

101 1059 237 1133 quatuor
260 1050 363 1127 libris,
383 1073 484 1116 xcvin
510 1048 621 1131 titulis,
642 1051 695 1130 qui
715 1052 877 1130 premisso
899 1053 1065 1132 principio,
1088 1055 1120 1115 in
1142 1072 1296 1138 paragra-

100 1154 180 1234 pbos
203 1152 357 1232 distingui
378 1150 482 1212 solent
497 1149 537 1237 ²).
1283 1162 1290 1170 ·

142 1255 171 1334 ξ.
185 1251 236 1315 83.
289 1251 477 1332 conpositae
505 1258 579 1313 sunt
600 1250 820 1315 Institutiones
841 1271 859 1314 a
883 1252 1071 1317 Triboniano
1106 1253 1294 1337 duobusque

101 1353 358 1416 antecessoribus
377 1353 537 1416 Dorotheo
563 1359 594 1415 et
616 1352 809 1435 Theophilo,
840 1352 1006 1435 publicatae
1027 1361 1100 1419 ante
1122 1354 1295 1419 Pandectas
1364 1431 1371 1440 ,

101 1476 142 1513 nu
158 1451 238 1515 Nov.
255 1477 381 1530 cxxxiii,
403 1470 473 1515 cum
497 1454 545 1515 his
558 1453 609 1516 die
622 1479 673 1516 xxx
685 1453 762 1516 Dec.
778 1477 888 1517 extrui
905 1455 969 1516 vim
990 1455 1074 1538 legis
1095 1462 1295 1537 receperunt.

328 1644 396 1700 TIT.
415 1645 450 1695 11.
487 1645 535 1695 DE
554 1643 754 1698 rennuens
776 1643 847 1696 SEU
863 1642 1082 1711 0161181181).
1125 1715 1132 1738 ·

142 1782 171 1860 ξ.
184 1777 234 1842 84.
279 1776 537 1862 Praestantissima
559 1778 716 1858 simulque
737 1763 888 1841 latissime
911 1785 1021 1859 patens
1044 1779 1123 1842 iuris
1144 1774 1295 1843 iustinia-

101 1879 154 1939 nei
176 1895 248 1958 pars
272 1878 465 1958 Digestorum
485 1896 540 1939 seu
560 1877 788 1940 Pandcctarttm
809 1878 882 1941 libri
904 1878 1036 1941 suntad
1059 1879 1177 1940 veteris
1196 1879 1295 1940 iuris-

102 1976 277 2056 prudentiae
298 1986 494 2043 monumenta
520 1979 736 2043 conservanda
763 1981 928 2061 compositi
951 1999 991 2043 ox
1018 1979 1295 2043 celeberrimorum

103 2079 398 2142 iurisconsultorum
420 2081 559 2163 scriptis.
948 2066 955 2078 ’

144 2181 173 2259 ξ.
188 2179 239 2244 85.
284 2178 399 2264 Colligi
417 2199 473 2243 eos
494 2183 588 2244 iussit
610 2181 812 2256 iustinianus,
834 2198 929 2261 opera
954 2205 1024 2245 xvii.
1041 2181 1293 2250 doctissimorum

99 2296 166 2340 suae
188 2281 287 2343 aetatis
308 2282 572 2362 iurisperitorum,
595 2282 775 2345 moderante
798 2281 1045 2370 Tribonian0⁴)‚
1079 2299 1119 2344 ex
1146 2281 1293 2365 genuinis

99 2387 228 2468 triginta
251 2402 364 2446 novem
386 2383 704 2460 iurisconsultorum,
735 2385 788 2463 qui
818 2384 856 2445 ab
879 2383 1027 2466 Augusto
1057 2382 1231 2464 presertim
1256 2381 1294 2444 ad

95 2487 309 2550 Alexandrum
324 2486 473 2548 Severum
497 2483 719 2562 inclaruerunt,
741 2484 909 2565 operibus3
933 2501 971 2547 eo
997 2486 1128 2547 maxime
1149 2483 1293 2559 consilio,

96 2595 132 2650 ut
153 2587 296 2652 omnibus
320 2585 446 2668 legibus
475 2603 624 2666 novoque
645 2587 707 2648 iuri
729 2585 831 2648 solido
854 2591 962 2648 essent
984 2583 1198 2660 fundamento,
1222 2589 1293 2644 stu-

96 2689 213 2768 dioque
244 2689 276 2751 in
306 2687 385 2748 iuris
418 2685 536 2748 scholis
565 2704 634 2748 cum
666 2687 918 2749 institutionibus
939 2673 1154 2748 inservirent.
1206 2682 1294 2746 Unde

96 2807 239 2872 magnam
270 2788 474 2870 Digestorum
506 2794 625 2868 partein
659 2789 690 2848 in
718 2788 758 2849 iis
792 2788 943 2869 explicari
971 2793 1025 2850 ant
1043 2804 1111 2869 per
1133 2783 1292 2850 discentes

95 2891 183 2971 ipsos
198 2888 372 2966 „recitari“‚
396 2887 587 2951 lastinianus
611 2887 649 2950 ad
664 2886 838 2949 studiorum
859 2889 919 2950 iam
933 2890 1021 2969 prius
1040 2893 1199 2968 receptam
1213 2905 1292 2950 nor-

95 3008 174 3052 mam
199 2988 384 3073 sancivit5).

138 3093 168 3171 ξ.
181 3088 231 3153 86.
275 3086 359 3150 Ordo
381 3087 585 3170 Digestorum
608 3090 640 3151 in
661 3093 771 3170 paucis
795 3096 930 3152 mutatus
953 3090 1036 3153 idem
1059 3096 1108 3152 cst
1131 3092 1184 3172 qui
1207 3097 1239 3153 et
1260 3091 1292 3152 in

97 3189 208 3252 Edicto
231 3194 384 3270 perpetuo
405 3190 474 3250 sive
496 3189 528 3250 in
560 3190 649 3252 libris
674 3196 840 3267 servatur,
878 3208 958 3271 quos
981 3191 1131 3273 Ulpianus
1151 3191 1191 3254 ad
1213 3191 1292 3254 illud

99 3291 280 3370 scripserat.
310 3288 499 3382 ⁸Distributa
524 3297 626 3353 autem
653 3297 728 3353 sunt
756 3292 788 3353 in
814 3297 934 3372 septem
956 3293 1111 3380 partem),
1143 3300 1174 3355 et
1197 3295 1294 3374 quin-

99 3393 247 3473 quaginta
271 3390 388 3465 libros‚
425 3393 478 3471 qui
509 3397 540 3453 et
572 3392 633 3472 ipsi
661 3393 693 3454 in
715 3391 824 3454 titulos
857 3392 1105 3475 distinguuntur.
1151 3395 1293 3476 Singulis

98 3491 281 3574 fragmentis
312 3494 449 3553 auctoris
473 3494 644 3572 operisque
673 3510 787 3555 noman
806 3492 963 3574 librique,
1002 3511 1041 3554 ex
1064 3511 1127 3574 quo
1149 3495 1292 3559 desumto

98 3597 183 3668 sunt,
208 3609 357 3654 numerus
380 3592 567 3681 adiectusl).

134 3856 162 3923 1)
182 3861 294 3913 Prooem.
317 3860 341 3921 §.
351 3860 376 3913 6.
397 3867 480 3915 const.
504 3864 617 3914 Omnem
635 3864 801 3930 repetisse,
824 3863 874 3925 §.2
891 3865 946 3916 init

133 3928 162 3997 2)
181 3929 205 3991 fi.
227 3930 269 3983 12.
288 3932 351 3984 inst.
374 3933 399 3983 1.
418 3931 442 3983 2.
480 3935 521 3984 De
535 3935 655 3999 personis
675 3935 770 4000 agitur,
787 3938 815 3988 in
833 3939 880 3989 lib.
900 3937 921 3987 I.
942 3936 976 3987 ds
994 3935 1084 3999 rebus,
1105 3935 1133 3987 in
1151 3935 1248 3986 libii.
1269 3940 1297 3986 et

98 4002 146 4053 111.
167 4000 200 4053 13
226 4002 259 4054 de
286 4004 452 4066 actionibus,
479 4006 618 4072 praemissis
645 4004 868 4072 obligationibus,
890 4009 918 4060 in
941 4008 988 4059 lib.
1006 4006 1053 4056 111.
1075 4003 1119 4057 14.
1133 4031 1169 4044 ·-
1187 4006 1232 4056 vt.
1253 4002 1294 4056 17.

98 4073 214 4125 Additus
231 4079 258 4125 si
275 4076 367 4127 titulus
387 4071 428 4126 18.
451 4077 483 4126 de
497 4079 628 4144 palliciis
645 4076 763 4129 sossensi.

133 4141 162 4208 3)
183 4146 358 4198 Conferendsa
381 4146 521 4198 Iustiniani
549 4148 748 4198 constitutiones
768 4150 878 4200 diversae
904 4146 938 4198 de
956 4148 1130 4214 conceptione
1155 4151 1183 4197 et
1201 4146 1295 4200 confir-

98 4216 216 4266 matione
236 4219 443 4270 Pandectarum·
639 4279 640 4282 Ἴ

133 4282 162 4352 4)
182 4288 271 4338 Consi.
292 4290 393 4350 Tanta,
415 4289 436 4347 ἓ.
455 4288 472 4340 9
490 4303 581 4340 eorum
599 4289 706 4342 nomina
725 4290 860 4341 exhibet

134 4355 163 4419 5)
183 4359 272 4410 Consi.
296 4364 409 4412 Omnem
428 4363 497 4427 resp.
518 4359 541 4416 §-
561 4357 639 4411 2-6.

136 4425 164 4492 6)
186 4430 286 4482 Earum
303 4431 467 4483 enumeratio
486 4431 619 4492 invenitur
635 4432 664 4484 in
682 4435 769 4484 const·
792 4430 894 4491 Tanta,
913 4427 937 4487 ὃ.
957 4427 983 4480 8.

134 4494 163 4566 7)
182 4501 251 4553 Ibid.
270 4501 293 4561 5.
308 4500 350 4554 10.
387 4504 419 4554 in
435 4500 593 4567 colligendis
611 4509 638 4554 et
655 4500 823 4556 ordinandis.
836 4501 946 4566 singulis
963 4498 1189 4566 fragmentissstres
1214 4499 1296 4552 series
