2804 4966
96 280 131 336 14
421 289 619 327 rrarrrorrorna
640 286 714 326 ronta
734 287 837 326 aonam
857 289 974 330 ruinam,

97 440 134 485 ac
156 420 242 482 bello
267 420 388 495 virtus,
411 422 568 482 annuente
592 417 716 481 lortuna
738 419 861 498 imperii
892 418 969 481 lines
992 418 1136 497 quotidlc
1160 421 1301 500 protulit,

97 527 131 584 ut
153 519 283 583 Romani
316 519 433 581 sensim
462 518 675 598 paulatimque
704 518 741 580 ad
767 535 917 581 summurn
941 520 1090 600 potentiae
1112 526 1147 582 et
1170 521 1301 584 fortune

98 621 258 703 fastigium
282 622 507 683 eveherentur.

138 722 232 805 §.te
277 722 352 794 Quae
373 737 442 781 cum
468 720 509 781 ita
532 719 761 800 procederent,
794 721 980 783 naturaliter
1003 723 1122 798 evenit,
1148 727 1187 784 ut
1213 726 1300 785 etiam

97 824 175 884 iuris
198 805 300 882 civilis'
322 825 422 881 status
444 823 628 882 mutaretur.
673 818 846 882 Discordia
859 823 941 882 inter
960 824 1047 884 cives
1062 821 1300 906 publicaelegi-

97 923 168 999 bus,
198 921 374 1003 plebiscitis
397 917 450 980 vel
472 919 758 995 senatusconsultis
782 920 914 997 sedate,
949 924 1016 984 iura
1037 921 1220 1001 emendata,
1254 925 1300 985 in-

96 1027 202 1089 stituta
225 1041 305 1085 nova
330 1038 389 1102 pro
403 1034 508 1081 rerum
525 1038 561 1081 ac
576 1025 750 1100 temporum
765 1024 955 1084 necessitate
971 1022 1163 1099 introducta,
1189 1040 1300 1104 quam·

96 1129 144 1189 vis
165 1125 233 1187 baec
255 1123 358 1205 omnja
380 1120 463 1201 apud
474 1120 628 1183 Romanos
650 1125 782 1201 propter
795 1137 949 1184 summam
967 1139 1074 1185 eorum
1090 1142 1171 1205 erga
1197 1140 1299 1187 mores

96 1229 246 1291 maiorum
277 1222 488 1284 reverentiam
515 1222 632 1283 sensim
662 1227 779 1283 tantum
815 1228 846 1283 ct
878 1222 1001 1284 occulte
1031 1222 1154 1285 tierent.
1211 1226 1300 1287 Anno

96 1339 179 1389 n.·c.
199 1345 372 1388 ccccxxxvii
394 1320 528 1396 Praetor,
562 1337 663 1383 novus
691 1321 905 1403 magistratus,
929 1324 979 1384 cui
1002 1339 1120 1386 summa
1143 1322 1232 1387 iuris
1255 1325 1301 1388 di-

99 1427 191 1491 cendi
203 1429 343 1506 potestas
359 1422 619 1499 committebatur,
642 1423 858 1507 institutus1),
882 1439 1016 1503 moxque
1030 1423 1139 1486 ediles
1156 1426 1300 1489 curules.

141 1529 235 1614 §.db
281 1524 343 1586 lam
374 1523 483 1602 quinto
508 1540 534 1588 a.
558 1539 589 1592 u.
612 1541 639 1584 c.
670 1521 787 1584 saeculo
813 1527 876 1584 tota
896 1522 982 1585 ltalia
1008 1541 1024 1584 a
1047 1522 1200 1586 Romanis
1226 1526 1302 1588 sub-

99 1636 186 1703 acta3
210 1626 334 1708 populis
356 1631 457 1687 tamen
480 1625 573 1687 victis
594 1643 666 1689 raro
690 1627 768 1688 iuris
793 1627 895 1688 civilis
918 1628 1092 1689 communio
1114 1630 1302 1711 civiumque

98 1745 297 1794 romanorum
320 1730 387 1790 iura
417 1728 486 1791 data
518 1735 608 1802 sunt3
637 1729 773 1812 singule
803 1731 905 1792 exiis
937 1731 1098 1805 civitates,
1129 1732 1303 1812 municipia

99 1838 153 1894 aut
175 1829 305 1893 coloniae
328 1831 377 1891 ius
400 1828 576 1907 Qniritium,
599 1831 767 1893 autLatini
787 1833 921 1894 nominis
936 1832 1150 1894 obtinuerunt.
1200 1831 1303 1896 Urbes

98 1937 201 1994 autem
231 1931 394 2010 municipia
424 1929 503 1992 sacta
542 1931 594 1992 vel
626 1931 757 1995 coloniae
784 1932 823 1994 ad
853 1932 1029 2013 exemplum
1059 1931 1147 1993 urbis
1182 1931 1303 2004 Roma,

100 2035 190 2114 quasi
211 2030 392 2113 singulares
413 2029 613 2110 respublicae
637 2047 712 2093 suas
736 2031 826 2114 leges
852 2034 1062 2115 propriosque
1094 2034 1305 2113 magistratus

98 2132 265 2196 habebant.
289 2129 394 2190 Ceteri
407 2131 647 2211 peregrinorum
661 2131 785 2192 nomine
798 2133 866 2192 iure
880 2133 1019 2213 gentium
1041 2129 1265 2196 censebantur
1273 2134 1305 2217 Ι1).

143 2230 235 2314 §.du
288 2230 443 2294 Summum
466 2247 544 2291 vcro
574 2235 637 2291 tum
660 2233 716 2293 toti
750 2231 845 2294 ltaliae
870 2234 948 2293 iuris
978 2231 1102 2293 dicendi
1132 2234 1305 2314 imperium

101 2336 132 2397 in
154 2332 232 2394 urbe
256 2330 351 2392 Roma
373 2346 471 2410 penes
504 2330 583 2393 duos
612 2338 764 2412 pretores
794 2339 879 2408 erat,
911 2332 1064 2394 urbanum
1101 2332 1139 2392 ab
1163 2351 1194 2395 a.
1221 2352 1258 2396 u.
1282 2354 1306 2398 c.

101 2455 276 2499 cccnrxrvn
301 2434 332 2492 et
358 2431 563 2511 peregrinum
585 2431 674 2493 aba.
689 2454 762 2508 nvn,
786 2434 839 2513 qui
863 2433 900 2495 ab
918 2432 1062 2495 omnibus
1077 2431 1176 2494 ltaliae
1190 2437 1308 2500 incolis

100 2535 132 2596 in
158 2534 260 2596 causis
285 2530 485 2614 gravioribus
510 2531 647 2594 adeundi
669 2533 805 2621 ararat).
850 2533 1022 2597 Utebantur
1043 2536 1074 2595 bi
1098 2536 1308 2615 magistratus

103 2640 134 2697 et
157 2632 245 2696 civili
269 2637 299 2694 ct
323 2631 462 2712 gentium
485 2630 555 2692 iure
574 2650 632 2712 pro
655 2634 770 2694 civium
793 2636 1076 2716 peregrinorumvc
1098 2635 1237 2697 ratione.

143 2739 173 2819 ξ.
185 2735 237 2798 49.
282 2731 414 2796 Saeculo
435 2738 526 2794 sexto
551 2751 578 2793 a.
601 2750 632 2794 u.
657 2753 684 2795 c.
708 2739 740 2795 ct
762 2733 875 2795 deinde
898 2736 1030 2815 septimo
1054 2737 1085 2796 in
1108 2736 1307 2818 longinquas

100 2838 251 2918 regiones
274 2837 306 2894 et
329 2850 435 2894 omnes
468 2838 560 2894 terrae
584 2839 689 2912 partes
720 2834 927 2897 Romanorum
960 2854 1044 2897 arma
1077 2840 1108 2897 et
1135 2837 1307 2917 imperium

100 2933 412 2998 circumferebantur.
458 2930 619 3010 Civitates,
642 2952 752 3016 regna,
775 2935 884 3015 populi
910 2934 1058 2998 libertate'
1084 2939 1220 3015 amissa,
1244 2957 1306 3002 au-

101 3037 248 3099 ctoritate
282 3040 410 3095 senatus
443 3034 614 3114 populique
644 3037 676 3096 in
699 3037 879 3116 provincias
904 3036 1070 3099 distributa
1082 3037 1128 3124 4),
1157 3057 1172 3099 a
1199 3043 1306 3123 magi-

102 3135 253 3200 stratibus
278 3131 311 3194 P.
335 3131 370 3192 R.
397 3132 671 3214 gubernabantur,
697 3136 751 3215 qui
773 3137 965 3216 provinciam
991 3137 1146 3219 singulari
1167 3137 1305 3202 formula

103 3235 303 3298 constitutam
325 3230 378 3293 vel
400 3250 458 3312 pro
482 3230 619 3294 Consule
642 3234 694 3297 vel
715 3252 773 3316 pro
784 3235 921 3299 Praetore
938 3237 1096 3313 tenebant,
1117 3238 1166 3300 ius
1189 3239 1305 3303 dicen-

103 3343 163 3411 teS,
189 3350 241 3397 res
266 3331 409 3414 publicas
432 3332 708 3410 administrantes,
742 3342 773 3398 et
800 3336 926 3399 militari
955 3342 1109 3417 potestate
1140 3337 1250 3403 donati
1264 3341 1303 3431 ⁶).

106 3437 165 3498 Per
188 3436 245 3497 bos
268 3435 327 3495 iam
351 3439 415 3494 tum
438 3434 487 3496 ius
510 3452 671 3497 romanum
685 3442 716 3498 ct
731 3454 856 3499 romana
877 3436 991 3499 iudicia
1014 3437 1051 3499 ad
1069 3437 1221 3518 plurimos
1236 3440 1304 3503 fere

102 3537 236 3621 populos
258 3535 360 3599 delata
381 3542 464 3597 sunt.
826 3540 828 3546 '

146 3639 239 3720 §.bb
285 3640 403 3702 Eodem
431 3640 501 3702 fere
527 3645 667 3723 tempore
691 3647 763 3722 post
784 3639 900 3703 bellum
923 3640 1042 3704 sociale
1065 3659 1104 3702 ex
1126 3640 1199 3722 lege
1224 3641 1303 3706 lulia

140 3819 167 3882 r)
189 3823 472 3875 tramaricam.
508 3795 637 3890 iompon.
660 3821 735 3884 aar.
818 3872 822 3877 .

138 3889 166 3957 2)
186 3894 256 3946 Vide
275 3895 310 3946 de
328 3896 474 3961 municipiis
492 3896 575 3946 Italia
596 3896 656 3945 Aul.
679 3895 748 3946 Gall.
761 3895 806 3945 VI.
819 3892 860 3945 13.
880 3896 949 3946 Fosi.
968 3913 993 3945 v.
1014 3895 1156 3960 municeps.
1178 3902 1233 3939 von
1256 3895 1304 3945 SA·

101 3971 199 4029 111111,
219 3966 378 4018 Geacbicltte
399 3969 446 4018 dea
465 3967 544 4018 Rbro.
564 3967 667 4018 Rccbto
685 3969 721 4017 a'm
744 3965 921 4018 Mitteloltcr.
947 3968 999 4017 rol.
1014 3966 1034 4015 I.
1056 3983 1084 4031 p.
1098 3962 1132 4016 16
1154 3969 1180 4015 et
1201 3980 1258 4034 seq.
1279 3972 1305 4019 et

102 4038 215 4089 version.
238 4037 332 4088 Galba.
356 4044 374 4088 t.
387 4039 406 4088 I.
428 4056 454 4104 p.
465 4035 500 4089 15
517 4054 571 4104 aeq.
589 4076 594 4083 .
615 4037 720 4099 Walter
738 4036 780 4096 §§·
792 4034 852 4088 301.
872 4032 933 4087 384.

138 4104 165 4173 3)
186 4111 350 4176 Pomponius
368 4109 407 4169 ἓξ.
422 4107 465 4171 27,
491 4107 532 4159 28.
564 4108 682 4171 LimVI,
701 4104 744 4159 42.
763 4107 835 4158 XIX·
873 4108 941 4174 Epit
964 4106 1042 4169 XIII,
1068 4102 1109 4157 35.
1146 4105 1207 4155 Aul.
1231 4106 1304 4160 Gell.

102 4179 175 4245 XIII,
195 4178 235 4232 15.
272 4181 379 4231 Holtius
400 4180 422 4240 ἓ.
436 4178 497 4232 250.
627 4239 629 4243 ¹
705 4179 708 4183 ’

136 4249 164 4316 4)
184 4253 242 4302 arv.
257 4253 300 4302 nr.
313 4251 336 4303 a.
357 4253 427 4303 xxr.
450 4250 473 4302 1.
492 4250 548 4298 xc.
567 4245 610 4300 44.
630 4246 832 4301 aravium.
852 4250 935 4300 xer.
956 4249 998 4312 re,
1017 4246 1060 4299 uc.
1089 4247 1203 4298 aaran
1231 4249 1302 4303 Pro·

103 4325 201 4375 vincio.
221 4322 285 4374 Icld.
306 4323 379 4389 Orig-
397 4323 469 4373 XIV.
489 4318 513 4372 5.

60 4435 61 4440 ,
139 4390 166 4459 5)
185 4395 244 4446 Liv.
264 4395 336 4446 vm.
359 4390 401 4444 23.
420 4393 454 4442 Χ.
473 4389 517 4443 25.
539 4390 687 4443 XXXVIII.
708 4388 732 4442 1.
752 4390 836 4443 XLII.
856 4390 880 4443 1.
898 4391 957 4442 XL.
974 4388 1017 4443 86.
1055 4387 1148 4442 cicero
1173 4391 1305 4458 prolege

102 4465 222 4531 Manilia,
241 4482 264 4517 o.
280 4464 323 4517 21.
360 4463 474 4517 Hotttna
492 4458 673 4523 §.tot—264
