2804 4966
540 319 622 355 elasa
634 318 675 354 111.
697 318 754 354 aar.
765 317 803 355 vr.
1221 307 1270 361 281

114 455 148 534 g.
161 449 234 516 990.
278 446 422 525 Denique
446 445 559 507 iniuria
580 443 712 524 simplex
734 449 765 506 et
781 449 872 506 atrox
890 443 1096 526 distinguitur
1104 464 1114 520 3
1139 450 1276 509 atrocem

74 551 226 614 iniuriam
249 547 340 627 quasi
360 545 669 608 contumeliosiorem
691 550 723 606 et
744 546 891 606 maiorem
914 545 1103 625 accipimus:
1128 563 1229 626 eaque
1246 547 1278 608 lit

76 657 133 714 aut
154 665 292 731 persona
318 652 372 710 aut
395 652 535 726 tempore
560 650 613 707 aut
634 645 705 707 loco
731 650 840 707 autre
863 646 930 726 ipsa
944 647 982 732 1),

117 751 258 812 Persona
283 748 421 810 atrocior
444 745 628 822 iniuriam,
663 764 732 826 quae
761 748 957 828 magistratui
987 751 1041 808 aiut
1063 748 1186 827 parenti
1219 766 1277 828 pa-

72 858 212 914 tronoue
233 848 320 935 tit2).
365 849 517 928 Tempore
541 854 572 908 et
594 847 676 924 loco,
700 849 727 908 si
749 847 832 909 ludis
856 852 887 909 et
909 850 939 909 in
963 852 1146 927 conspectu,
1170 847 1221 908 vel
1244 849 1277 910 in

76 952 204 1014 theatro
226 955 279 1011 aut
302 952 334 1011 in
359 947 480 1035 torol).
525 946 569 1009 tte
592 949 679 1029 ipsa,
712 951 738 1009 si
762 948 877 1009 vulnus
901 947 1020 1010 illatum
1045 947 1097 1009 ve‘l
1124 964 1159 1009 os
1182 947 1277 1009 alicui

73 1068 264 1135 percussum
288 1052 345 1110 sit:
378 1050 521 1112 vulneris
546 1049 728 1132 magnitudo
756 1066 883 1129 quoque
906 1050 1099 1110 atrocitatem
1123 1047 1214 1124 lacit,
1247 1053 1278 1110 et

71 1168 301 1231 nonnunquam
325 1150 413 1212 locus
438 1149 591 1226 vulneris,
617 1151 716 1212 veluti
738 1151 830 1212 oculo
852 1167 1007 1230 percusso
1019 1149 1058 1238 4),

115 1257 148 1335 §.
162 1252 235 1317 991.
279 1249 371 1311 Poena
394 1251 577 1312 iniuriarum
600 1268 639 1312 ex
662 1249 735 1333 lege
755 1249 812 1310 Xll
826 1249 1014 1311 Tabularum
1031 1254 1161 1330 propter
1175 1265 1274 1309 mem-

70 1355 164 1417 brum
186 1350 313 1433 quidem
335 1355 460 1431 ruptum
482 1350 567 1426 talio,
594 1357 724 1431 propter
746 1369 781 1412 os
806 1367 883 1411 vero
905 1349 1035 1412 lraetum
1058 1354 1111 1412 aut
1131 1349 1274 1411 collisum

71 1459 288 1516 trecentarum
309 1455 425 1514 assium
445 1470 535 1533 poena
561 1460 638 1515 erat.
669 1452 800 1533 Propter
822 1458 951 1514 oaeteras
975 1453 1106 1514 iniurias
1120 1448 1205 1512 XXV
1221 1469 1276 1512 as-

72 1556 156 1618 sium
179 1571 272 1635 piune
295 1558 362 1616 erat
382 1554 550 1616 constituta
565 1559 595 1616 et
607 1553 796 1616 videbantur
809 1542 872 1615 illis
889 1552 1092 1633 temporibus,
1117 1554 1149 1615 in
1163 1571 1275 1636 magna

73 1659 265 1738 paupertate
276 1654 321 1741 5),
353 1658 429 1716 satis
452 1654 572 1717 idoneae
595 1655 663 1716 istae
685 1655 875 1734 pecuniariae
897 1671 1007 1734 poenae.
1052 1653 1163 1716 Postea
1197 1673 1275 1717 vero

72 1756 137 1821 alio
165 1756 236 1818 iure
259 1757 309 1817 usi
332 1761 405 1817 sunt
424 1755 570 1818 Romani:
602 1774 664 1818 non
694 1756 795 1818 solum
824 1758 906 1817 enim
930 1774 969 1817 ex
991 1755 1094 1817 edicto
1118 1755 1275 1832 Praetoris‚

72 1857 131 1920 sed
157 1858 251 1918 etiam
275 1874 315 1918 ex
345 1855 418 1938 lege
448 1855 593 1918 Cornelia
624 1858 748 1920 iniuriis
778 1858 917 1918 actiones
949 1855 1080 1935 proditae
1111 1861 1204 1932 sunt,
1238 1856 1277 1917 de

73 1957 194 2038 quibus
215 1958 275 2039 iam
298 1957 536 2038 dispiciendum.

113 2058 272 2120 Praetores
293 2059 514 2139 permittebant
535 2060 625 2139 ipsis,
649 2059 702 2138 qui
723 2059 868 2120 iniuriam
889 2059 975 2139 passi
997 2062 1082 2132 sunt,
1105 2073 1171 2118 eam
1192 2055 1280 2117 aesti-

76 2178 165 2222 mare
178 2179 188 2235 ;
213 2165 248 2221 ut
269 2160 368 2224 iudex
389 2159 440 2221 vel
464 2162 539 2221 tanti
560 2178 647 2222 reum
671 2159 867 2236 condemnet,
893 2161 998 2239 quanti
1010 2159 1155 2220 iniuriam
1167 2174 1279 2237 passus

74 2262 291 2337 aestimaverit,
313 2260 365 2323 vel
387 2262 529 2337 minoris,
551 2267 645 2341 prout
667 2263 696 2322 ei
722 2263 823 2323 visum
845 2260 960 2323 luerit:
995 2259 1078 2321 unde
1104 2259 1170 2320 haec
1193 2259 1279 2320 iniu-

74 2364 194 2425 riarum
216 2364 300 2424 actio
323 2364 521 2424 aestimatoria
544 2362 695 2443 appellari
718 2363 800 2424 solet
812 2364 851 2447 ⁶).

114 2461 251 2545 9992,ί
279 2461 345 2524 Lex
372 2462 517 2525 Cornelia
541 2480 621 2543 que,
646 2463 684 2525 de
708 2464 832 2525 iniuriis
852 2462 1002 2544 loquitur,
1027 2463 1152 2525 civilem
1177 2460 1280 2523 actio-

71 2581 143 2624 nem
173 2562 369 2640 introduxit,
407 2581 477 2644 quae
505 2565 652 2644 competit
676 2564 714 2625 ob
740 2583 807 2626 eam
830 2583 916 2640 rem,
948 2564 1031 2644 quod
1061 2581 1096 2625 se
1125 2563 1195 2642 quis
1223 2580 1279 2623 re-

73 2663 232 2744 pulsatum
265 2663 506 2725 verberatumve
536 2663 702 2726 domumve
726 2683 813 2726 suam
841 2667 873 2726 vi
903 2666 1062 2728 introitam
1088 2680 1160 2726 esse
1192 2663 1276 2725 dicit.

72 2764 121 2826 De
144 2763 246 2826 tribus
270 2764 353 2825 enim
376 2763 425 2825 his
448 2767 552 2826 causis
575 2783 610 2826 ea
634 2764 685 2826 dat
707 2766 880 2826 actionem:
913 2764 968 2826 sed
999 2769 1128 2844 apparet
1157 2781 1278 2825 onmem

72 2867 220 2928 iniuriam
245 2880 316 2944 quae
340 2880 432 2956 manu
455 2863 517 2941 liat,
541 2864 614 2946 lege
638 2862 783 2926 Cornelia
808 2866 963 2926 contineri
976 2863 1015 2949 ⁷).

114 2969 146 3047 §·
157 2963 232 3030 993.
276 2962 372 3024 Extra
393 2963 535 3026 ordinem
559 2970 659 3027 tamen
682 2971 712 3026 et
735 2965 940 3028 criminaliter
961 2983 1000 3026 ex
1020 2983 1055 3026 ea
1074 2964 1278 3050 agebatur8).

73 3061 313 3126 Piliuslamilias
335 3080 461 3144 quoque
485 3083 524 3126 ex
547 3084 582 3126 ea
605 3083 702 3147 egere
724 3072 839 3146 potest,
861 3085 920 3128 neo
942 3084 1056 3129 cavere
1074 3066 1168 3128 debet
1183 3072 1280 3129 ratam

72 3183 141 3228 rem
171 3169 306 3244 epatre
334 3163 491 3246 haberit).
537 3164 643 3226 Omnis
675 3167 858 3228 iniuriarum
892 3167 974 3229 actio
1006 3185 1109 3229 annuo
1139 3173 1280 3248 tempore

72 3263 293 3346 praescribitur
310 3263 363 3350 ¹⁰).

592 3510 682 3563 ...hl

429 3508 557 3568 ···-5

459 3597 507 3632 ..o

466 3653 516 3704 ..1
546 3600 885 3714 9011991909.

461 3724 557 3775 ..Gall
577 3730 649 3775 noct.
669 3731 715 3776 att.
736 3725 807 3774 XVI.
827 3722 875 3786 103
896 3723 954 3773 XX
973 3723 998 3774 1
1037 3722 1132 3775 collat.
1152 3723 1279 3788 193.Μο-

444 3795 493 3848 ..9
513 3796 578 3846 Lh.
598 3800 616 3846 t
640 3798 716 3849 Paul.
735 3800 833 3863 recept.
853 3799 919 3848 eant.
939 3794 971 3845 v
988 3793 1015 3846 4.
1034 3793 1104 3854 9

417 3864 467 3924 ..9
486 3862 511 3918 t.
532 3868 552 3917 1.
574 3867 600 3916 h.
619 3873 637 3917 t.
1046 3893 1053 3906 ι

385 3903 602 3996 .9,7.Ι,11.1,

373 4004 418 4059 ..5
447 4026 468 4058 r
488 4006 608 4066 9,.1.-“7
627 4006 787 4064 11.37.9,,1
798 4008 831 4057 D
852 4006 912 4056 eod.
924 4006 956 4056 V.
966 4007 1036 4058 infre.
1054 4008 1076 4066 9
1088 4004 1280 4058 1201-1202

437 4076 487 4130 ..7
504 4078 530 4131 8.
548 4083 580 4131 fr.
601 4079 642 4131 12.
663 4081 727 4131 inl.
747 4081 781 4130 D.
799 4075 844 4142 48,
863 4075 946 4143 2(da
964 4081 1149 4142 accusation..)

332 4187 338 4200 .
383 4186 390 4200 .
325 4155 1142 4288 ..39).Μ911ον,ΕσήνᾱᾱονῙπειίιαιίοηεη9493,
1161 4217 1279 4272 nota34.
