2804 4966
468 311 548 348 arnna
568 310 601 347 u.
621 310 688 346 rans
707 310 726 346 1.
747 309 805 346 car.
825 310 864 345 ι..
1050 357 1054 363 .
1214 299 1252 355 77

290 448 359 498 mr.
379 447 414 497 11.
450 447 500 499 nn
519 444 637 498 nunus
655 416 970 498 mconeonanmus
981 444 1012 512 ¹).

97 582 212 667 §.atu
256 579 476 660 Incorporales
500 597 553 641 res
576 578 724 641 dicuntur
746 596 802 654 eae,
825 596 896 658 quae
916 580 1003 662 tangi
1024 597 1086 642 non
1110 586 1253 660 possunt,

57 682 198 763 intelligi
221 687 322 742 tamen
345 686 377 741 et
401 681 504 742 animo
527 679 625 742 cerni.
677 679 738 742 Sed
769 681 911 759 quamvis
934 698 973 742 ex
995 679 1053 741 hac
1074 680 1254 745 delinitione

51 801 145 848 omne
166 780 219 858 id,
253 782 336 861 quod
357 783 525 865 cogitatur,
560 781 760 860 incorporale
786 783 844 856 sit,
877 799 912 842 ea
935 787 1038 842 tamen
1059 781 1255 845 solummodo

52 886 117 947 huc
139 884 310 965 pertinent,
333 899 403 961 quae
425 883 571 962 personis
593 880 721 961 aliquod
737 880 930 945 commodum
948 881 1098 962 praebent,
1120 882 1256 963 ideoque

53 986 211 1047 bonorum
236 981 446 1062 appellatione
469 982 692 1061 comprehendi
713 986 847 1062 possunt
869 989 901 1044 et
925 985 1136 1064 pecuniariam
1157 985 1257 1046 aesti-

54 1087 222 1147 mationem
234 1085 400 1163 recipiunt,
409 1084 507 1154 sicuti
519 1088 641 1144 caterae
655 1100 719 1159 res,
733 1100 803 1163 quae
814 1084 846 1145 in
858 1085 1041 1163 patrimonio
1055 1084 1256 1170 habenturt).

103 1183 216 1266 §.uso
262 1181 380 1245 Latiori
401 1200 497 1245 sensu
522 1182 766 1263 incorporalium
789 1200 919 1246 numero
933 1189 1005 1245 sunt
1025 1202 1131 1246 rerum
1153 1200 1258 1264 quan-

56 1286 173 1366 titates,
198 1301 267 1364 quae
287 1287 381 1346 sicuti
397 1287 530 1364 pecunia
552 1287 737 1367 corporibus
751 1287 824 1350 inde
846 1291 1047 1366 opponuntur
1056 1286 1083 1372 ³)
1106 1291 1138 1347 et
1152 1302 1204 1348 res
1224 1288 1257 1347 in

57 1405 181 1470 genere
196 1385 310 1448 debitae
324 1383 371 1472 4);
394 1387 521 1466 proprie
543 1392 645 1448 autem
668 1404 731 1448 non
753 1388 814 1449 nisi
836 1387 916 1462 iura,
935 1386 1079 1466 iurisque
1098 1386 1261 1447 universi-

55 1493 153 1563 tates,
176 1503 246 1565 quae
264 1485 442 1567 patrimonii
460 1483 678 1566 bonorumque
691 1485 1057 1568 nominesignilicantur,
1077 1484 1178 1547 veluti
1199 1504 1260 1567 pe-

57 1586 188 1663 culium,
211 1584 381 1647 hereditas.

103 1690 133 1768 ξ.
145 1685 219 1749 281.
263 1684 347 1760 lura,
369 1675 440 1764 quae
462 1701 528 1765 pree
549 1686 665 1746 ceteris
690 1705 707 1748 a
731 1685 878 1748 Romanis
899 1688 931 1748 in
951 1685 1047 1748 rebus
1075 1688 1263 1767 incorpora-

59 1789 145 1851 libus
163 1791 440 1861 connumerantur,
466 1804 501 1847 ea
523 1792 598 1848 sunt
622 1803 692 1865 quae
714 1788 847 1867 pecunia
869 1788 1015 1850 estimari
1035 1790 1179 1868 possunt,
1200 1804 1262 1847 ve-

62 1889 124 1953 luti
148 1892 333 1963 servitutes,
356 1885 560 1963 hereditates,
584 1887 807 1970 obligationes,
831 1889 983 1950 actiones.
1028 1886 1139 1966 Neque
1159 1888 1192 1947 in
1212 1887 1262 1948 his

63 1991 191 2055 adrem
214 1991 361 2071 pertinet,
387 1986 469 2067 quod
493 1989 525 2048 in
547 1987 722 2050 hereditate
744 2007 797 2051 res
820 1987 1003 2069 corporales
1026 1996 1116 2067 sunt,
1139 2008 1209 2053 nam
1230 1996 1262 2052 et

59 2091 108 2166 id,
132 2088 216 2171 quod
241 2107 282 2151 ex
312 2086 506 2167 obligatione
540 2085 691 2164 debetur,
712 2087 765 2149 vel
793 2090 917 2151 actione
940 2091 1004 2171 peti
1027 2094 1141 2170 potest,
1163 2091 1262 2153 veluti

56 2190 195 2265 fundus,
216 2190 320 2263 homo,
343 2185 552 2263 frumentum,
575 2187 743 2268 corporale
767 2194 826 2249 est.
877 2170 981 2269 lpsum
1003 2191 1085 2252 enim
1117 2190 1167 2251 ius
1200 2190 1262 2252 he-

58 2292 221 2368 reditatis,
244 2292 346 2371 ipsum
375 2288 424 2347 ius
445 2287 554 2348 utendi
576 2287 718 2365 fruendi,
741 2293 772 2351 et
793 2289 895 2369 ipsum
915 2290 965 2352 ius
989 2289 1190 2374 obligationis
1211 2293 1264 2353 in·

61 2389 229 2473 corporale
252 2386 349 2474 esst).

12 2544 17 2552 .
103 2495 136 2576 ξ.
153 2491 224 2556 282.
267 2487 382 2550 Eadem
403 2486 537 2562 ratione,
560 2488 703 2566 quamvis
724 2489 941 2570 patrimonium
960 2491 1122 2553 innumera
1148 2509 1267 2573 corpo-

58 2594 144 2658 ralia
169 2592 321 2665 continet,
343 2594 445 2650 tamen
467 2589 534 2667 ipsa
556 2588 646 2664 iuris,
670 2607 710 2649 ex
723 2608 786 2669 quo
807 2608 853 2652 cae
871 2610 924 2654 res
938 2591 1032 2654 alicui
1045 2593 1266 2670 subiiciuntur,

62 2694 260 2756 universitas
290 2687 500 2769 incorporalis
524 2695 590 2764 est,
619 2689 793 2771 eademque
821 2690 913 2752 durat
934 2693 1058 2754 mutatis
1081 2695 1173 2754 etiam
1196 2694 1266 2753 sin-

61 2795 152 2878 gulis
174 2793 270 2854 rebus
293 2789 331 2852 ad
353 2808 419 2852 eam
439 2790 680 2870 pertinentibus.
712 2789 843 2854 Constat
863 2798 966 2853 autem
989 2794 1088 2855 omnis
1100 2794 1177 2854 iuris
1190 2795 1266 2855 uni-

61 2884 203 2958 versitas
227 2911 267 2955 ex
290 2891 450 2954 commodo
474 2897 506 2952 et
528 2892 735 2969 incommodo,
760 2893 830 2955 sive
853 2893 891 2956 ad
913 2896 1122 2956 recentiorum
1141 2893 1265 2956 dicendi

58 3012 216 3071 normam,
240 3010 280 3055 ex
300 2990 412 3052 uotiuis
433 2997 465 3052 et
485 2991 671 3079 passioni).

106 3093 225 3177 §.284
268 3094 457 3156 Accuratius
485 3093 545 3156 hoc
575 3092 646 3156 loco
676 3092 716 3155 de
744 3094 815 3155 iure
838 3093 1050 3174 dispiciamus.
1093 3094 1163 3155 ltuo
1186 3093 1264 3157 iuris

58 3201 137 3260 sunt
161 3193 338 3283 general),
361 3194 494 3256 alterum
517 3194 553 3257 ad
580 3205 786 3275 personarum
810 3195 1040 3272 conditionem,
1074 3196 1205 3258 alterum
1226 3193 1265 3256 ad

99 3358 131 3423 1)
148 3359 170 3408 Ι.
191 3356 217 3421 2,
235 3357 253 3408 2
270 3355 318 3422 (de
335 3358 415 3410 rebus
432 3356 666 3424 incorporalibus).

98 3425 247 3494 sinisera
263 3429 328 3481 inde
346 3429 481 3481 Ciceronis
506 3431 622 3481 definitio
640 3432 669 3481 in
686 3430 753 3496 Top.
774 3447 796 3481 c.
815 3430 840 3481 5.
858 3432 894 3481 ab
913 3446 962 3492 ea,
989 3445 1069 3498 quam
1086 3430 1170 3480 Instit.
1189 3428 1263 3480 exhi-

59 3504 139 3554 bent.
174 3500 243 3550 Nam
265 3506 291 3551 et
309 3502 501 3566 usucapionem
520 3508 547 3553 et
563 3502 675 3552 tutelam
695 3503 776 3553 rebus
796 3502 1008 3568 incorporalibus
1024 3503 1192 3554 adnumerat.

97 3569 129 3638 3)
148 3566 191 3622 Fr.
210 3568 254 3622 34.
271 3572 293 3631 ἓ.
302 3570 328 3623 3.
347 3574 380 3622 D.
391 3570 427 3622 30
444 3570 492 3638 (de
504 3574 584 3640 legat
594 3570 636 3638 L).
655 3575 688 3624 ir.
697 3569 741 3624 87.
759 3590 798 3639 pr.
816 3575 850 3625 D.
868 3572 901 3625 31
922 3571 970 3638 (de
986 3575 1069 3640 legat.
1088 3571 1135 3639 11.)
1151 3574 1183 3624 ir.
1191 3571 1216 3625 5.
1223 3591 1262 3640 pr.

60 3647 97 3697 D.
116 3640 161 3704 25,
180 3641 196 3693 1
216 3639 264 3706 (de
282 3639 428 3709 impensis).

98 3710 130 3778 4)
150 3711 193 3764 Fr.
213 3710 257 3764 54.
273 3731 314 3780 pr.
334 3715 368 3765 D.
386 3712 431 3779 45,
450 3713 465 3766 1
487 3711 534 3779 (de
553 3714 586 3765 V.
606 3710 681 3781 Ob).

100 3782 129 3848 5)
150 3782 175 3844 §-
194 3783 219 3834 1.
235 3784 256 3834 Ι.
273 3787 300 3835 h.
318 3789 337 3835 t.
372 3788 415 3838 De
433 3801 498 3837 vera
517 3786 626 3839 notione
648 3801 736 3839 rernm
757 3786 963 3853 incorporalium
987 3787 1126 3854 eleganter
1146 3786 1264 3853 disputat

62 3877 90 3912 v.
109 3856 263 3918 Buchhots,
289 3855 422 3910 Vereuchc
441 3877 466 3924 p.
487 3854 582 3908 1-25.

102 3925 132 3990 6)
151 3927 194 3976 Fr.
213 3925 256 3979 50.
273 3943 313 3992 pr.
331 3929 365 3979 D.
385 3926 411 3992 5,
429 3927 447 3980 3
468 3925 517 3990 (de
534 3928 625 3980 hered.
644 3925 718 3994 pet).
737 3930 769 3978 fr.
787 3926 813 3980 3.
831 3946 871 3996 pr.
889 3931 923 3981 D.
933 3925 977 3993 37,
999 3929 1013 3981 1
1034 3931 1080 3995 (do
1098 3931 1161 3981 bon.
1169 3927 1263 3995 poss).

60 4003 96 4054 fr.
115 3995 160 4049 49.
179 3999 211 4048 fr.
230 3995 291 4050 208.
309 4001 342 4050 fr.
362 3998 477 4052 222..D.
494 3997 538 4062 50,
558 3999 592 4050 16
611 3998 659 4064 (de
677 4000 709 4050 V.
727 3997 776 4064 S.).

99 4067 130 4134 7)
150 4067 217 4130 Quae
235 4070 361 4136 deinceps
379 4075 562 4138 proponuntur
579 4071 644 4122 iuris
663 4071 815 4133 divisiones,
832 4072 860 4121 in
878 4072 942 4137 ipsis
956 4071 1141 4123 inrisiontibus
1158 4070 1263 4121 tradite

60 4157 123 4195 non
143 4145 212 4191 sunt
248 4142 305 4205 Eas
324 4147 415 4194 tamen
431 4142 529 4193 rationi
543 4143 608 4193 iuris
626 4143 741 4193 Romani
759 4147 953 4194 consentaneas
976 4159 1048 4205 esse,
1066 4158 1146 4194 nemo
1164 4157 1264 4208 negare

61 4212 172 4265 amerit
209 4211 306 4264 Nonne
322 4217 454 4268 connubii
469 4219 495 4265 et
513 4217 668 4266 commercii
683 4214 805 4265 notiones
823 4215 860 4263 ad
880 4214 1074 4266 distinctionem
1090 4218 1160 4266 iuris
1170 4231 1263 4282 perso-
1313 4219 1316 4224 '

59 4287 140 4338 nolis
159 4287 185 4333 et
201 4285 270 4335 harah
283 4287 450 4351 patrimonia·
462 4285 614 4350 pertinent?
654 4285 689 4335 Et
710 4286 770 4353 quis
786 4286 895 4337 incivile
913 4301 971 4337 esse
991 4284 1078 4346 diost,
1097 4288 1166 4336 shra’a
1184 4289 1214 4337 io
1231 4301 1262 4335 re

61 4353 275 4423 appellationem
290 4355 381 4419 latiori
397 4371 478 4408 sensu
496 4371 545 4407 nos
564 4357 705 4422 acciperet
742 4357 879 4408 Neminem
896 4357 979 4422 fugit,
998 4355 1128 4422 plurima,
1139 4370 1167 4417 ,a
1185 4357 1263 4407 nobis

59 4427 182 4487 hadita,
205 4439 224 4475 e
240 4427 412 4493 pragmaticis
431 4427 504 4479 adeo
523 4444 571 4494 pro
589 4429 659 4482 reris
676 4429 785 4490 haberi,
811 4434 841 4480 ut
859 4443 892 4480 ea
909 4431 1095 4495 praetereuntes
1113 4441 1204 4478 eorum
1222 4443 1262 4478 re-

59 4497 272 4568 prehensionem
289 4513 345 4550 non
363 4498 547 4566 effugeremus.
