2804 4966
512 309 591 347 arcun
607 312 638 348 u.
657 309 723 348 rans
736 313 767 349 n.
789 311 848 348 car.
862 311 904 351 ru.
1253 303 1306 359 168

153 444 262 528 §.bib
307 443 407 505 liuius
431 445 536 503 antem
558 439 706 522 legitimae
728 440 825 520 partis
849 441 1004 519 quantitas
1027 442 1201 505 secundum
1230 443 1303 506 lus-

95 547 215 610 tiniani
237 543 405 608 Nouellum
426 541 479 604 vel
509 541 599 602 tertia
624 539 675 602 vel
703 540 829 603 dimidia
863 542 932 603 eius
960 543 1114 622 portionis
1142 561 1215 622 pars
1246 549 1305 620 est,

92 664 196 727 (qnam
216 646 265 708 bre
286 660 432 727 persona
444 642 652 722 accepissent,
677 641 704 703 si
727 641 876 705 defuncto
898 643 935 705 ab
960 644 1107 706 intestato
1126 640 1306 713 suc'cessis-

96 752 195 821 scnt3
219 744 312 808 tertia
332 741 459 823 quidem
482 759 553 822 pare
578 746 637 817 est,
660 741 688 803 si
712 741 749 802 ab
774 741 923 804 intestato
955 743 1163 807 succedentes
1190 745 1242 807 vel
1267 765 1306 808 ex

101 865 181 913 asse
201 846 254 909 vel
276 845 411 909 semisse
430 841 483 904 vel
506 843 620 904 triente
634 842 768 905 heredes
787 842 885 904 luturi
900 843 1052 918 luissent3
1077 844 1202 908 dimidia
1216 865 1306 925 vero,

95 947 229 1028 qnando
261 946 416 1008 minorem
454 944 552 1005 totins
586 942 769 1005 hereditatis
805 949 924 1023 partem
961 945 1175 1024 accepissent,
1216 964 1305 1028 quam

102 1055 248 1130 quartam
263 1048 304 1134 ¹).

156 1149 263 1232 §.59ii
308 1146 461 1228 Legitima
483 1144 586 1224 portio
606 1161 668 1206 non
689 1144 781 1205 simul
801 1143 944 1206 omnibus
968 1144 1016 1205 bis
1040 1146 1186 1225 personis
1205 1146 1305 1212 debe-

101 1257 177 1326 tur3
199 1250 255 1313 sed
279 1247 415 1330 singula
430 1264 476 1308 eo
500 1246 623 1322 ordine,
646 1263 708 1325 quo
730 1246 767 1307 ad
786 1245 925 1308 eiusdem
942 1246 1082 1308 defuncti
1100 1246 1304 1312 hereditatem

102 1350 153 1414 ab
170 1352 313 1413 intestato
338 1352 511 1422 vocantur,
539 1364 605 1408 earn
634 1352 745 1426 petere
774 1353 923 1426 possunt;
957 1347 1099 1426 quamvis
1129 1350 1211 1411 enim
1242 1368 1304 1412 non

106 1449 243 1527 cuilibet,
269 1449 324 1530 qui
348 1448 387 1510 ab
409 1449 556 1509 intestato
579 1447 753 1508 succedere
779 1446 927 1509 defuncto
951 1453 1066 1527 potest,
1090 1451 1194 1529 portio
1218 1451 1305 1534 legi-

108 1551 179 1612 tima
201 1550 372 1624 debeatur,
394 1564 551 1627 nunquam
574 1553 676 1609 tamen
699 1566 765 1609 eam
788 1549 949 1627 postulare
971 1553 1090 1629 potest,
1114 1553 1169 1630 qui
1192 1552 1230 1614 ab
1252 1554 1305 1614 in-

110 1655 218 1714 testato
237 1650 388 1714 defuncto
411 1649 552 1711 testatori
575 1648 734 1731 legitimus
758 1650 851 1711 heres
872 1667 933 1711 nou
957 1650 1071 1712 luisset
1086 1651 1126 1737 ²).

156 1753 261 1834 §.eat
286 1751 338 1815 ’δί
365 1749 534 1830 quaritur:
569 1768 607 1810 an
638 1749 740 1812 debita
779 1751 934 1829 quantitas
966 1751 1116 1834 legitima
1149 1754 1304 1832 portionis

110 1849 212 1913 relicta
235 1853 287 1928 sit,
310 1850 528 1930 patrimonium
552 1848 692 1911 defuncti
717 1850 825 1911 mortis
842 1854 982 1930 ternpore
999 1851 1175 1931 inspicitur,
1199 1858 1230 1913 et
1244 1853 1304 1915 de-

58 1940 60 1949 '
112 1946 206 2013 ductis
228 1951 351 2013 funeris
372 1950 524 2031 impensis
551 1955 582 2011 et
605 1967 667 2011 aere
690 1950 795 2012 alieno
821 1950 852 2011 in
876 1951 967 2012 bouis
990 1956 1187 2031 computatur
1208 1953 1304 2032 quid-

111 2051 182 2126 quid
202 2058 333 2115 testator
354 2049 496 2130 reliquit.
552 2049 659 2112 Omnia
682 2051 798 2133 igitur,
824 2068 894 2130 qua
917 2050 969 2112 vel
998 2050 1182 2127 hereditatis
1211 2052 1303 2116 titulo

110 2151 356 2236 variegatorum
377 2155 432 2212 aut
453 2149 762 2212 fideicommissorum
785 2151 909 2213 nomine
933 2149 1002 2212 aliis
1027 2151 1166 2238 reliquit,
1191 2153 1222 2214 in
1242 2153 1302 2215 he-

110 2252 235 2317 reditate
257 2258 464 2315 numerantur
475 2252 514 2342 3)«.
560 2251 635 2313 ltern
653 2258 684 2314 et
701 2253 883 2315 inolliciosae
897 2252 1093 2330 donationes,
1115 2256 1198 2315 inter
1212 2255 1302 2315 vivos

108 2346 149 2412 iu
165 2353 235 2417 alios
258 2352 394 2430 collata,
417 2353 451 2413 in
473 2353 648 2415 hereditate
672 2354 990 2434 comprehenduntur,
1016 2360 1048 2416 et
1067 2354 1301 2431 rescinduntur,

108 2455 226 2531 quoties
245 2454 421 2518 substantia
446 2454 590 2515 testantis
615 2471 672 2534 per
695 2472 747 2516 eas
771 2456 897 2516 nimium
920 2455 1068 2517 diminuta
1091 2454 1237 2541 lueritt).

156 2555 258 2634 §.aaa
302 2553 511 2616 Numerandae
532 2560 635 2616 autem
657 2560 731 2617 sunt
750 2573 858 2618 omnes
878 2573 1023 2636 personae
1045 2576 1061 2618 a
1084 2555 1231 2618 deiuncto
1247 2573 1302 2616 re-

108 2642 197 2731 licta,
218 2673 297 2736 quae,
320 2657 348 2717 si
368 2660 587 2717 testamentum
609 2655 722 2717 lactum
746 2674 808 2717 non
826 2656 949 2732 luisset,
975 2657 1004 2717 ei
1019 2656 1152 2738 legitimi
1167 2654 1301 2717 heredes

107 2743 201 2819 futuri
220 2761 340 2833 essent,
363 2756 442 2820 adeo
463 2757 599 2836 quidem,
624 2763 658 2818 ut
678 2763 709 2819 et
724 2757 906 2820 exheredati
922 2756 974 2818 vel
989 2759 1205 2821 renunciantis
1224 2774 1311 2837 per--

105 2861 180 2917 sona
202 2855 408 2937 computanda
430 2857 472 2918 sit
484 2856 526 2944 ⁶).

106 2949 298 2972 Ἢ...-

150 2995 170 3063 1)
186 3000 250 3051 Nor.
270 2998 312 3050 18.
330 3015 354 3049 c.
372 2997 398 3049 1.
436 2996 496 3059 Quo
521 2997 549 3048 in
566 3012 632 3049 casu
654 3000 778 3062 lepita'mo
801 2999 845 3050 vel
866 2999 944 3051 tertia
962 3001 1007 3052 rel
1025 2999 1151 3061 dimidia,
1170 2999 1205 3051 ab
1224 2998 1303 3049 intes·

108 3063 165 3119 ‘tto
178 3071 303 3138 portionis
320 3086 383 3136 pars
402 3070 444 3132 sit,
466 3070 625 3135 disputatur.
663 3070 788 3136 vulgaris
807 3076 834 3122 et
852 3072 999 3124 communis
1019 3072 1107 3138 opinio
1126 3073 1183 3122 haec
1201 3076 1256 3133 eet;
1273 3068 1303 3121 id

109 3146 160 3197 Pru
177 3159 282 3195 numero
306 3156 482 3208 personarum
511 3141 708 3192 succedentium
732 3142 852 3205 variare;
879 3143 961 3195 veluti
980 3144 1002 3195 si
1021 3144 1065 3194 vel
1084 3159 1152 3194 unus
1172 3143 1216 3193 rel
1238 3142 1302 3202 duo,

111 3210 158 3261 val
169 3217 223 3278 tres,
240 3214 285 3266 vel
307 3217 422 3281 quatuor
440 3212 624 3275 succederent,
643 3216 708 3262 tunc
725 3213 829 3263 tertiam
848 3220 950 3280 partem
971 3215 1104 3277 dandam,
1123 3215 1146 3266 si
1162 3228 1224 3264 vero
1245 3213 1303 3279 plu-

111 3289 164 3345 r⁸¹,
177 3285 319 3337 dimidiam.
355 3284 451 3350 Neque
469 3285 492 3334 si
512 3283 548 3334 ad
565 3285 649 3334 verba
668 3285 862 3350 constitutionis
882 3287 1019 3337 Iustiniani
1028 3291 1131 3337 tantum
1142 3291 1303 3351 spectamus,

113 3360 157 3404 res
170 3357 239 3410 aliter
258 3355 412 3408 delinienda
433 3359 480 3406 est.
506 3355 572 3406 Cum
590 3371 655 3406 vero
674 3369 710 3404 ex
728 3356 780 3406 hac
797 3357 1014 3423 interpretatione
1034 3358 1153 3423 plurima
1170 3357 1198 3406 in
1218 3355 1302 3406 diver-

115 3419 152 3474 δῖε
165 3428 343 3495 questionibus
362 3426 489 3478 eruendis
511 3426 683 3476 difficultates
701 3433 861 3489 nascantur3
880 3443 951 3478 nova
968 3429 1110 3494 explicatio
1130 3427 1224 3479 aIOto
1245 3441 1301 3491 ger-

114 3498 207 3552 maneo
224 3502 389 3552 flammam
406 3497 552 3563 proposita,
572 3497 607 3546 ab
628 3497 751 3549 omnibus
763 3500 817 3549 fere
825 3498 1013 3565 interpretibus
1026 3504 1142 3565 recepta,
1164 3495 1302 3565 sequenda

116 3562 218 3621 viteam
236 3586 334 3636 nempe
352 3575 415 3621 tunc
431 3568 536 3620 tertiam
555 3573 658 3634 partem
676 3569 711 3618 ab
728 3569 852 3620 intestato
871 3570 1000 3635 portionis
1012 3569 1215 3638 relinquendam
1235 3583 1302 3629 esse,

119 3642 359 3694 teneraetenerae
377 3640 421 3691 vel
445 3656 481 3691 ex
500 3655 569 3701 asse,
589 3641 633 3689 vel
652 3641 769 3702 semisse,
785 3642 830 3690 vel
848 3641 1007 3709 quadrante,
1027 3639 1303 3692 veltrienteheredee

58 3778 60 3785 Ι
119 3701 174 3759 still
190 3719 279 3776 meent,
299 3711 438 3763 dimidiam
456 3726 529 3774 vcro,
549 3712 651 3778 quoties
669 3710 798 3761 minorem
816 3713 896 3763 totius
915 3712 1071 3763 hereditatis
1091 3718 1204 3779 partem,
1223 3726 1303 3779 quam

58 3794 63 3839 l
122 3785 231 3848 quartam,
248 3783 366 3835 habituri
383 3783 503 3834 inissent.
541 3783 703 3833 lastinianus
721 3798 800 3832 unum
820 3789 923 3834 tuntum
942 3785 1081 3835 casumin
1099 3783 1301 3844 mentehabuit,

124 3855 174 3898 ⁰¹1¹ss
188 3854 323 3909 Novellam
342 3853 386 3906 18.
406 3869 428 3904 o.
450 3853 472 3904 1.
493 3853 656 3919 conciperet,
684 3854 711 3904 in
738 3870 790 3920 quc
815 3870 863 3920 pro
883 3870 1057 3920 personarum
1085 3871 1195 3907 numere
1213 3858 1302 3920 partes

125 3912 212 3975 fiebant
229 3926 294 3978 Rem
313 3925 418 3992 plenius
437 3924 566 3989 explicuit
577 3925 749 3986 Scbaemcan,
769 3925 926 3978 Handbucb
947 3930 994 3979 des
1005 3929 1174 3980 otettreeta.
1195 3931 1257 3977 tom.
1267 3925 1301 3974 11.

126 3983 249 4049 pli-83,
268 3999 364 4049 Partes
375 3995 432 4047 eius
442 3996 570 4047 sustinent
578 3996 704 4047 Fboacke
718 3995 735 4044 l.
745 4011 766 4045 c.
778 4013 803 4060 p.
810 3994 959 4050 aee-226.
975 4002 1001 4049 et
1011 4017 1034 4050 o.
1047 3997 1193 4063 Vcnqcrow
1207 3994 1229 4053 ἓ.
1239 3990 1301 4046 475.

155 4055 178 4123 2)
192 4066 248 4121 Hac
264 4069 360 4135 regula
380 4073 457 4119 extra
479 4067 686 4118 controversiam
704 4066 790 4131 posita
809 4083 863 4118 non
882 4075 929 4120 est.
951 4071 982 4119 fr.
1001 4068 1026 4121 6.
1046 4067 1068 4127 ἓ.
1089 4067 1113 4118 1.
1132 4071 1149 4119 f.
1172 4064 1214 4118 25.
1233 4064 1256 4124 ᾗ.
1275 4063 1300 4115 1.

80 4162 86 4169 ·
128 4121 154 4172 D·
168 4131 218 4189 bt
251 4139 441 4192 Exheredatue
458 4138 502 4190 rel
520 4139 664 4204 praterilus
685 4137 736 4189 dici
754 4142 825 4189 certe
848 4154 903 4190 non
921 4146 1010 4207 potest
1028 4140 1066 4203 is,
1092 4138 1138 4206 qui
1155 4138 1233 4188 heres
1253 4135 1299 4186 de·

130 4193 201 4255 luceto
215 4226 349 4280 nunquam
369 4212 458 4262 tactus
476 4214 554 4262 esset.

156 4265 714 4342 bnasamataacaa

156 4334 178 4404 4)
193 4348 251 4404 Cod.
267 4352 295 4417 3,
313 4351 348 4405 29
369 4349 417 4415 (de
434 4351 588 4403 inofficiosis
610 4345 820 4413 donationibus).
840 4349 907 4399 Nor.
926 4348 967 4402 91.
987 4364 1009 4398 c.
1031 4347 1056 4399 1.

158 4403 181 4474 5)
195 4417 231 4474 ἢ.
247 4423 271 4476 8.
292 4423 317 4484 ἓ.
338 4421 364 4474 8.
383 4425 416 4475 Ι).
436 4424 463 4474 h.
481 4429 500 4473 t.
537 4423 604 4473 Inde
625 4421 731 4472 dicitur:
759 4419 940 4471 exheredatus
958 4433 1096 4471 numerum
1114 4417 1180 4469 iacit
1199 4417 1235 4468 ad
1253 4417 1299 4468 mi·

136 4484 246 4547 limiam
262 4495 417 4563 legitimam.
455 4494 582 4546 Frenetes
601 4493 619 4543 l.
639 4508 662 4542 c.
679 4508 705 4557 p.
722 4488 871 4543 tra-216.
