2804 4966
136 314 190 368 100
465 323 663 387 tttsntt'ttttoptu
684 323 759 365 171111
778 322 882 361 uolut
900 323 1018 366 mml-

139 452 306 516 solutionis
338 454 460 531 tempus
492 451 675 530 inspicitur,
708 453 739 512 in
771 452 937 533 emptionis
970 468 1065 515 causa
1096 459 1129 514 et
1157 456 1350 533 contractus,

139 557 261 633 tempus
284 555 316 612 et
337 551 381 626 id,
403 568 465 630 quo
487 542 656 613 solvitur.'

186 660 215 738 ᾗ.
229 655 301 721 357.
346 653 481 733 Tempus
502 655 704 735 usucapionis
728 653 780 717 vel
801 653 889 736 longi
911 655 1060 736 temporis
1081 652 1338 734 praescriptionis,

142 760 174 825 in
197 756 293 820 rebus
309 753 476 818 mobilibus
501 760 551 818 est
573 756 677 833 trium,
700 757 732 817 in
753 755 850 817 rcb'us
872 754 935 816 soli
954 755 1061 817 decem
1081 773 1235 818 annorum
1258 755 1340 815 inter

139 848 323 942 presentes,
347 856 461 937 viginti
481 857 564 917 inter
587 855 735 918 absentes
749 857 787 943 1).
832 855 864 920 Si
881 857 952 935 quis
968 857 1079 937 partim
1094 856 1177 917 inter
1192 855 1337 923 absentes

139 958 332 1042 possederit,
355 958 465 1036 partim
483 957 565 1019 inter
578 963 761 1036 presentes,
782 956 848 1019 baec
861 958 1053 1042 computatio
1067 957 1111 1034 iit,
1135 963 1169 1018 ut
1184 957 1249 1019 duo
1268 957 1338 1019 anni

137 1058 388 1123 interabsentes
410 1074 468 1137 pro
488 1073 551 1119 uno
574 1075 655 1120 anno
679 1059 763 1119 inter
782 1063 955 1138 presentes
978 1059 1172 1138 accipiantur
1187 1056 1229 1144 2).

180 1161 339 1224 Absentes
365 1165 453 1237 sunt,
486 1161 596 1239 quiin
624 1159 761 1222 diversis
791 1160 964 1239 provinciis
991 1158 1183 1222 domicilium
1212 1158 1338 1221 babent.

144 1263 178 1324 ln
201 1263 404 1342 usucapionis
427 1265 567 1340 tempore
589 1260 746 1322 metiendo
768 1258 896 1321 ultimus
910 1259 978 1322 dies
993 1266 1114 1340 coeptus
1130 1259 1268 1321 habetur
1284 1275 1339 1339 pro

86 1346 89 1353 ’
138 1364 266 1445 impleto
278 1363 318 1447 ³).
364 1359 440 1422 lnde
461 1359 504 1435 lit,
528 1365 573 1436 ut,
597 1360 736 1422 etiamsi
760 1359 885 1421 minimo
907 1365 1063 1422 momento
1086 1359 1254 1422 novissimi
1278 1358 1341 1421 diei

139 1481 287 1549 possessa
314 1463 355 1525 sit
377 1478 449 1537 res,
472 1460 674 1523 nibilominus
697 1459 864 1541 impleatur
886 1462 1139 1542 usucapio„nec
1164 1464 1251 1522 totus
1274 1459 1340 1522 dies

137 1570 286 1649 exigatur
309 1562 347 1624 ad
370 1561 560 1643 implendum
586 1562 761 1644 legitimum
783 1567 915 1641 tempus.

181 1670 211 1748 ᾖ.
226 1663 297 1730 353.
341 1661 452 1742 Neque
476 1667 576 1724 tamen
598 1663 894 1738 necessariumest,
917 1667 952 1723 ut
972 1661 1234 1742 usucapiensssper
1250 1678 1341 1723 omne

141 1773 262 1847 tempus
293 1766 362 1844 ipse
390 1781 454 1824 rem
483 1762 678 1842 possederit;
713 1781 782 1824 nam
813 1764 963 1844 temporis
992 1761 1144 1840 accessio,
1166 1762 1341 1825 novissimo

141 1872 210 1931 iuro
234 1866 336 1929 locum
357 1864 452 1926 babet
474 1865 505 1924 in
526 1864 730 1944 usucapione,
754 1865 796 1924 ita
818 1869 853 1925 ut
874 1865 1035 1944 possessio
1058 1861 1199 1924 defuncti
1219 1862 1341 1937 heredi,

140 1976 173 2032 et
193 1967 332 2030 auctoris
355 1964 501 2045 sequenti
527 1964 574 2025 rei
598 1963 1047 2046 possessori,adiungatur⁴);
1079 1969 1216 2043 uterque
1238 1969 1341 2026 sutem

140 2073 174 2133 in
197 2064 350 2131 eiusmodi
381 2082 472 2127 causa
503 2064 641 2127 civiliter
664 2064 831 2145 possidere
862 2083 927 2127 rem
957 2064 1061 2127 debet.
1095 2063 1209 2136 ¹Heres
1238 2069 1341 2127 omen

138 2168 362 2243 nibilominus,
393 2168 538 2247 quoniam
561 2184 621 2228 una
645 2184 713 2228 cum
737 2166 887 2230 deiuncto
908 2184 1043 2247 persona
1077 2183 1150 2229 esse
1178 2170 1341 2239 censetur,

138 2274 230 2334 etiam
246 2286 423 2349 usucapere
438 2285 477 2330 ex
491 2284 548 2329 sua
563 2266 768 2347 defunctique
779 2269 984 2349 possessione
996 2271 1112 2347 potest,
1129 2268 1155 2328 si
1170 2265 1342 2329 defunctus

138 2370 380 2435 tantumbonum
393 2368 514 2429 initium
526 2367 633 2429 habuit
652 2369 712 2430 i.e.
735 2369 763 2429 si
782 2367 935 2430 bonafide
957 2367 1122 2448 possidere
1144 2372 1291 2446 coeperat
1303 2365 1342 2452 ⁶).

179 2472 293 2555 §.sss
337 2469 473 2550 Usucapi
493 2474 597 2531 autem
627 2468 679 2531 vel
709 2468 806 2551 longo
829 2473 970 2550 tempore
1000 2467 1091 2530 nobis
1119 2468 1244 2546 acquiri
1275 2483 1338 2529 non

137 2578 271 2658 possunt
290 2588 342 2633 res
368 2570 492 2632 lurtivae
517 2566 551 2631 et'
576 2569 607 2630 vi
631 2586 798 2650 possesse.
844 2569 972 2633 Furtiva
996 2568 1129 2631 babetur
1156 2569 1261 2630 omnis
1286 2581 1338 2629 res

139 2674 262 2740 mobilis
286 2671 405 2747 aliena,
430 2671 507 2732 mala
534 2666 595 2733 lide
619 2668 766 2733 alienata.
810 2669 898 2744 Quod
927 2676 1030 2732 autem
1054 2668 1170 2731 dictum
1194 2673 1245 2730 est
1268 2667 1339 2730 iur-

140 2778 273 2838 tivarum
296 2789 402 2833 rerum
431 2775 463 2832 et
489 2772 520 2832 vi
543 2788 762 2852 possessarum
784 2772 1008 2858 usucapionem
1031 2789 1089 2852 per
1111 2768 1203 2853 leges
1223 2769 1339 2850 probi-

138 2878 234 2938 bitam
258 2891 341 2948 esse,
366 2889 429 2933 non
452 2890 490 2934 eo
513 2874 660 2953 pertinet,
682 2877 777 2934 utne
800 2873 868 2953 ipse
891 2872 953 2948 l'ur,
975 2872 1072 2952 quive
1093 2889 1151 2951 per
1173 2871 1237 2933 vim
1259 2889 1339 2953 pos-

139 2975 234 3051 sidet,
260 2989 434 3052 usucapere
455 2973 571 3052 possit,
599 2989 668 3036 nam
695 2974 743 3034 his
765 2973 823 3035 alia
846 2974 967 3036 ratione
989 2973 1227 3053 usucapionem
1249 2990 1360 3041 com-.

140 3078 230 3159 petit,
251 3075 324 3155 quia
351 3072 564 3136 scilicetmala
579 3073 641 3136 lide
655 3075 838 3154 possident;
860 3074 918 3137 sed
938 3093 979 3137 ne
999 3073 1085 3138 ullus
1109 3073 1202 3151 alius,
1223 3091 1339 3154 qnam-

140 3181 190 3241 vis
215 3178 252 3239 ab
277 3176 323 3237 eis
348 3173 510 3236 bonafide
533 3176 643 3236 emerit
666 3173 717 3237 vel
741 3193 781 3237 ex
804 3173 865 3238 alia
887 3193 981 3239 causa
1009 3175 1187 3256 occeperit,
1217 3190 1340 3239 usuca-

138 3277 244 3361 piendi
266 3277 314 3337 ius
339 3275 462 3336 babeat.
507 3274 596 3336 Unde
620 3275 652 3336 in
677 3275 773 3338 rebus
796 3275 964 3338 mobilibus
988 3292 1051 3339 non
1074 3275 1167 3339 facile
1180 3275 1340 3356 procedit,

139 3386 173 3441 ut
193 3379 284 3441 bonae
306 3375 378 3437 lidei
402 3375 582 3455 possessori
603 3377 755 3456 usucapio
777 3381 951 3455 competat:
975 3393 1044 3439 nam
1057 3378 1110 3457 qui
1123 3376 1260 3439 alienam
1273 3393 1340 3439 rem

140 3479 245 3544 sciens
269 3475 411 3538 vendidit
434 3474 486 3537 vel
510 3474 631 3537 exalia
655 3493 749 3538 causa
769 3475 908 3554 tradidit,
932 3477 1047 3539 lurtum
1071 3479 1141 3539 eius
1163 3477 1340 3540 committit.

140 3579 203 3645 Sed
227 3582 328 3641 tamen
349 3577 380 3638 id
405 3576 574 3656 aliquando
597 3575 689 3638 aliter
712 3593 748 3639 se
776 3577 903 3652 babct;=
923 3595 993 3640 nam
1016 3579 1043 3640 si
1067 3574 1160 3640 hcies
1183 3595 1253 3641 rem
1281 3576 1341 3640 de-

138 3679 244 3743 iunctc
269 3676 501 3754 commodatam,
525 3683 580 3739 aut
602 3677 735 3741 locatam
759 3678 811 3740 vel
834 3678 916 3759 apud
929 3695 1000 3741 eum
1022 3678 1362 3758 depositam-existi.

140 3797 226 3843 mans
248 3797 316 3842 eam
338 3796 411 3840 esse
432 3778 651 3841 hereditariam
660 3824 672 3858 ,
696 3779 776 3841 bona
798 3779 860 3841 lide
883 3781 1049 3861 accipienti
1069 3778 1264 3858 vendiderit,
1289 3785 1344 3844 aut

133 3881 307 3946 ,donaverit
327 3885 380 3942 aut
402 3879 483 3941 dctis
502 3883 629 3943 nomine
650 3881 783 3958 dederit,
810 3883 886 3961 quin
907 3883 952 3959 is,
978 3882 1031 3962 qui
1053 3881 1231 3961 acceperit,
1261 3899 1343 3944 usu-

141 4002 254 4064 capere
276 3981 387 4063 possit,
410 3979 537 4043 dubium
560 3998 622 4043 nou
646 3987 706 4058 est,
732 3983 847 4062 quippe
867 4000 935 4066 cum
957 4001 993 4043 ea
1014 3998 1066 4042 res
1084 3983 1115 4042 in
1134 3978 1210 4041 lurti
1229 3980 1343 4043 vitium

136 4138 333 4156 μ...-

174 4220 252 4288 1)0.
272 4238 316 4273 un.
337 4221 366 4273 G.
385 4218 411 4284 7,
431 4219 463 4272 31
485 4218 532 4285 (dc
551 4239 662 4290 usucap.
679 4219 826 4288 transibo
827 4224 895 4276 .12.
915 4223 944 4276 G.
963 4221 989 4290 7,
1008 4223 1043 4276 33
1061 4220 1099 4291 (h.
1119 4218 1159 4287 t..)

172 4293 200 4360 2)
221 4295 289 4346 Nor
307 4294 366 4347 119.
387 4311 409 4344 o.
428 4292 453 4345 8.

172 4363 262 4431 3)I·'r.
282 4362 353 4417 6..7
373 4368 407 4416 D.
430 4367 493 4416 h.t.
515 4367 545 4415 fr.
565 4361 607 4417 15.
626 4383 664 4431 pr.
684 4366 716 4416 D.
735 4363 779 4429 44,
796 4364 880 4432 3(de
901 4367 954 4418 dir.
970 4371 1050 4432 temp.
1069 4359 1196 4433 prason..)

171 4432 244 4573 4Ξὲ.
223 4437 246 4496 ὓ
257 4365 427 4566 J}
327 4435 369 4488 13.
389 4438 408 4488 Ι.
431 4437 487 4488 h.t
489 4438 546 4494 ..fr
569 4434 768 4519 135s1-13
786 4440 819 4487 D.
840 4436 885 4503 41,
904 4436 985 4551 2(de
1007 4454 1066 4505 aoq.
1083 4438 1128 4491 vel
1143 4436 1229 4486 amitt
1248 4431 1344 4503 poss..)
