2804 4966
90 284 125 339 ω
420 284 619 324 ΙΙῑΤΙΤῦῐΙθΙΙΟ
639 283 714 322 wll!
734 282 836 322 ΙΘΙΑΙΙ
855 282 978 323 nimi.

90 420 230 507 parantis
250 421 343 491 sunt,
374 414 506 495 imperio
529 413 733 495 magistratus
757 409 790 473 nt
806 409 854 497 ¹):
887 409 965 474 olim
989 411 1138 493 qnidam
1160 412 1238 478 baec
1254 430 1288 494 pa

91 533 157 589 tres
179 518 425 600 mancipationes
447 521 478 578 et
500 514 579 577 duas
601 514 863 577 manumissiones
878 512 1091 594 procedebat
1106 518 1143 578 in
1157 513 1243 592 utto,
1257 520 1288 578 ad

92 644 150 708 por
174 638 265 685 unam
278 618 536 698 mancipationem
558 618 590 679 iu
609 617 733 678 catoris
749 614 860 678 liboris
872 614 921 700 ²):
946 615 1141 681 novissime
1156 615 1289 700 pericitu

92 725 231 806 adoptio,
254 737 325 784 cum
346 724 493 801 parentes
516 718 570 798 qui
593 717 711 780 liberos
723 732 800 779 suos
820 718 853 778 in
865 714 1081 796 adoptione
1096 717 1182 784 dare
1194 719 1289 795 voluat

92 832 152 893 boc
173 829 276 907 ipsum
298 823 376 884 actis
399 818 685 882 intervenientibus
715 816 796 898 apud
819 821 1059 897 competentem
1082 819 1228 885 iudicem
1246 838 1290 885 rra

92 929 252 1000 attestant,
274 927 431 1006 prasente
452 920 621 1002 adoptante
641 924 674 981 ot
694 935 745 996 co,
768 919 822 998 qui
838 918 1022 999 adoptatur,
1045 926 1084 982 et
1101 939 1173 985 non
1188 927 1291 985 conto

95 1026 273 1112 dicente⁸).
316 1022 427 1103 Neque
449 1021 582 1096 absens,
614 1037 717 1100 neque
745 1020 938 1082 dissentiens
966 1018 1129 1103 adoptari
1160 1022 1292 1107 potasti

92 1132 142 1200 Ad
165 1137 288 1210 tempus
310 1124 438 1205 adoptio
459 1140 521 1185 non
543 1122 638 1198 valet,
663 1140 722 1185 neo
746 1127 826 1184 enim
848 1120 992 1184 moribus
1015 1128 1198 1203 convenit,
1220 1123 1292 1189 filiun

94 1228 298 1314 temporalem
321 1223 488 1308 baberet).

139 1331 253 1416 §.aaa
296 1327 457 1406 Adoptare
491 1328 625 1404 possunt
654 1321 969 1405 patresfamiliarum,
1012 1326 1073 1405 qui
1115 1345 1193 1393 eum
1226 1344 1293 1409 quaa

95 1436 191 1498 lilium
214 1431 274 1492 sibi
298 1428 404 1492 lacere
429 1425 558 1501 volunt,
589 1425 683 1506 plena
709 1425 897 1505 pubertate,
926 1426 947 1486 i.
972 1442 1002 1486 e.
1026 1425 1152 1493 decem
1184 1435 1218 1494 et
1244 1433 1294 1492 oett

96 1549 195 1600 annos
217 1528 398 1613 precedunt
408 1527 448 1612 6).
493 1526 626 1589 Feminae
648 1526 798 1606 adoptare
820 1544 882 1587 non
905 1533 1055 1608 possunt,
1082 1531 1166 1610 quia
1186 1549 1294 1596 necue

96 1633 218 1698 turales
239 1630 357 1693 liberos
380 1631 413 1690 in
434 1645 492 1690 sua
513 1633 668 1708 potestate
684 1627 808 1690 babent.
852 1627 913 1690 Sed
933 1644 974 1689 ex
991 1628 1212 1715 indulgentia
1226 1633 1293 1715 prin·

98 1737 179 1818 cipis
199 1733 370 1796 nouissime
386 1731 425 1792 iis
445 1728 483 1791 ad
501 1730 644 1791 solatium
663 1727 836 1791 liberorum
854 1731 1045 1793 amissorum
1061 1732 1229 1814 adoptare
1240 1752 1295 1817 pn·

98 1839 227 1900 missum
249 1839 298 1896 est
311 1832 349 1918 ⁷).
394 1830 492 1892 littam
515 1830 568 1910 qui
591 1848 749 1911 generare
768 1847 830 1891 non
845 1834 989 1911 possunt,
1010 1831 1140 1910 quales
1154 1842 1294 1916 auotspe

99 1938 209 2012 donas,
233 1934 383 2014 adoptare
396 1936 528 2011 possunt
546 1935 680 2010 utroque
701 1929 794 1993 modo
805 1931 844 2016 ⁸).
890 1927 973 1993 Solis
990 1935 1152 1997 castratis
1167 1936 1295 2018 adoptat

99 2057 162 2102 nou
184 2035 373 2120 permittitur
385 2032 424 2120 9).

142 2141 172 2221 §-
187 2137 258 2201 200.
303 2132 405 2196 Debet
426 2137 529 2194 autem
549 2132 713 2211 inquisitio
735 2129 815 2207 fieri,
838 2149 878 2193 an
899 2132 927 2193 is
950 2132 1005 2211 qui
1030 2133 1203 2215 adoptare
1230 2134 1296 2207 volit

102 2249 212 2309 iustam
228 2254 351 2301 causam
375 2233 552 2319 habeat10).
597 2232 735 2312 ideoque
756 2231 936 2308 videndum,
957 2248 997 2293 an
1016 2249 1086 2295 non
1104 2235 1233 2302 debeat
1242 2253 1297 2319 ptr·

102 2345 181 2408 mitti
205 2342 250 2416 ei,
281 2338 336 2417 qui
359 2334 412 2397 vel
434 2351 529 2395 unum
551 2333 644 2395 habet
669 2333 719 2394 uel
743 2332 851 2414 pluras
870 2332 989 2396 liberos
1013 2333 1184 2416 adoptare
1208 2336 1298 2407 alium

99 2465 139 2511 no
160 2447 215 2507 aut
235 2439 361 2503 illorum
384 2451 464 2515 quos
487 2434 579 2496 iustis
604 2434 721 2514 nuptiis
745 2434 980 2513 procreaverit,
1004 2431 1215 2500 diminuatur
1234 2448 1299 2518 spen,

100 2562 192 2628 quam
215 2539 433 2618 unusquisque
456 2534 556 2596 libero
580 2532 733 2613 obsequio
758 2538 846 2613 parat
868 2532 943 2611 sibi;
975 2537 1029 2593 aut
1051 2536 1113 2613 qui
1145 2538 1299 2621 adoptatus

103 2647 178 2724 luit,
199 2641 302 2704 minus
324 2638 488 2720 percipiat,
510 2652 600 2715 quam
627 2634 758 2716 dignum
780 2637 856 2709 ertt,
879 2650 950 2695 eum
973 2637 1134 2714 consequi
1149 2639 1210 2725 ¹¹).
1253 2635 1300 2699 liat

103 2746 132 2809 ei
151 2741 340 2825 permittitur
364 2737 531 2819 adrogare,
554 2735 607 2816 qui
628 2734 754 2797 tutelam
778 2734 829 2796 vel
851 2751 956 2796 curam
981 2733 1301 2809 eiusadministravit

103 2846 131 2907 si
161 2843 263 2904 minor
285 2839 399 2921 viginti
432 2838 571 2917 quinque
595 2837 685 2899 annis
708 2836 767 2911 sit,
793 2838 847 2916 qui
867 2835 1052 2917 adrogatur,
1075 2836 1230 2902 neforto
1247 2837 1301 2903 ideo

104 2962 174 3009 eum
196 2943 342 3023 adroget,
367 2956 406 2999 ne
431 2939 568 2999 rationes
589 2934 758 3022 reddatst).

145 3049 176 3128 g.
189 3043 261 3106 201.
304 3038 456 3119 Adoptari
480 3042 612 3117 possunt
634 3044 694 3098 tam
717 3053 819 3098 rnares
843 3053 935 3116 quam
949 3035 1091 3099 lemine:
1121 3055 1211 3118 quas
1227 3043 1304 3104 otim

103 3143 252 3227 adrogari
274 3158 358 3203 novo
381 3141 450 3202 iure
480 3139 665 3219 permissum
699 3142 747 3198 ast
759 3137 811 3224 18).
864 3137 1055 3217 Emancipati
1088 3141 1193 3203 etiam
1227 3141 1305 3206 libai

104 3245 310 3328 adrogatione
333 3242 365 3302 in
389 3241 518 3320 patriam
538 3244 724 3319 potostatem
748 3242 867 3300 reverti
889 3245 1022 3320 possunt
1035 3237 1087 3324 ¹⁴).
1112 3241 1305 3310 Naturaliua

104 3384 302 3396 ....-.----

139 3470 169 3538 1)
189 3470 233 3522 Fr.
254 3469 279 3522 2.
299 3485 338 3535 pr.
357 3468 390 3518 D.
411 3468 518 3518 11.οο.
536 3464 562 3518 4.
586 3466 614 3518 0.
635 3467 697 3518 eod.

141 3541 171 3609 2)
189 3542 250 3596 Gai.
267 3541 293 3594 1.
312 3557 334 3592 o.
354 3538 377 3598 d·
396 3537 535 3591 100.101.
555 3537 616 3593 134.
654 3538 756 3591 Gellius
775 3538 807 3590 V.
828 3538 871 3591 19.

141 3611 170 3681 3)
190 3614 219 3666 0.
240 3613 281 3664 11.
307 3612 336 3664 0.
356 3611 383 3661 h.
401 3614 418 3660 t.
444 3612 475 3661 fr.
498 3607 522 3663 5.
540 3608 584 3663 42.
611 3611 644 3662 D.
664 3611 690 3660 h.
709 3616 728 3662 t.
754 3608 777 3669 t.
796 3609 821 3662 8.
840 3611 860 3661 1.
880 3608 905 3673 1,
926 3610 960 3663 12
985 3608 1032 3677 (do
1058 3609 1160 3677 quibus
1179 3617 1259 3669 moa,
1276 3616 1309 3667 pu.

105 3678 385 3823 runaut.
406 3753 428 3812 ..
447 3751 524 3804 rs.
708 3826 709 3829 Ὗ
801 3749 831 3817 ..
917 3750 960 3804 ..,
979 3754 1014 3803 ..

139 3821 694 3896 004.11.).1ι.40.ς.1.ο.οοᾱ.
716 3822 1043 3888 uat.1.§.106;fr.16.
1065 3822 1206 3883 eodm
1229 3841 1309 3883 mom

107 3909 147 3955 tro
166 3906 215 3965 ast,
234 3903 263 3950 ut
282 3900 366 3950 maior
386 3896 455 3947 filius
474 3896 515 3958 sit,
535 3911 614 3962 quam
633 3902 717 3962 pater.

140 3970 169 4037 7)
189 3972 219 4025 0.
239 3968 263 4022 5.
283 3969 312 4021 O.
330 3971 356 4020 h.
376 3973 394 4020 t.
415 3966 581 4052 (rescriptum
601 3963 782 4031 Diocletiani).
802 3963 825 4024 b.
846 3964 888 4018 10.
909 3967 930 4017 Ι.
951 3966 978 4017 h.
997 3971 1015 4018 t.
1052 3966 1138 4019 Vetus
1158 3970 1205 4025 ius
1222 3974 1311 4027 haba

108 4035 664 4182 “utstat.t.⁵s.⁹·tt¹·t1,1t,
683 4108 705 4166 a.
725 4108 751 4159 6.
773 4108 831 4160 aa.
850 4107 875 4158 1.
894 4107 917 4167 a.
936 4106 998 4161 103.
1050 4118 1056 4129 -

142 4185 171 4253 9)
191 4187 214 4248 ᾖ.
234 4184 259 4238 9.
280 4185 300 4236 Ι.
321 4184 384 4236 h.t.
405 4183 436 4232 ir.
458 4179 501 4233 89.
521 4179 542 4239 ἓ.
564 4180 589 4231 1.
608 4181 641 4230 D.
661 4177 703 4242 23,
725 4178 741 4231 3
760 4176 978 4245 (deiurodot.).

123 4256 169 4323 10)
188 4259 230 4309 Fr.
249 4250 292 4309 17.
310 4273 349 4322 pr.
366 4255 400 4304 D.
419 4253 473 4303 h.t.
512 4248 557 4315 11)
577 4250 708 4317 Ulpianus
726 4252 754 4303 in
771 4252 802 4301 ir.
813 4247 855 4302 17.
870 4249 891 4310 ἓ.
903 4249 929 4303 3.
946 4252 980 4302 D.
999 4253 1025 4303 h.
1042 4256 1059 4303 t.
1080 4250 1154 4303 odda
1177 4255 1309 4310 0·30od·

124 4320 759 4394 mmmmmammnua

126 4398 170 4465 13)
188 4402 231 4452 Fr.
251 4397 293 4450 21.
312 4399 345 4448 D.
355 4396 382 4446 h.
391 4399 409 4445 t.
429 4393 490 4459 Ulp.
511 4395 565 4445 h.t.
585 4392 608 4451 §-
623 4389 648 4444 5.

126 4468 172 4536 14)
189 4472 232 4523 rr.
252 4469 295 4523 12.
313 4465 355 4522 15.
378 4466 401 4526 §-
420 4467 445 4519 1.
463 4468 495 4521 tr.
511 4462 555 4517 41.
574 4466 607 4516 D.
627 4466 653 4516 h.
674 4467 692 4513 t.
