2804 4966
96 261 131 319 58
414 269 616 307 ΙΙΙΠΙΤΙΙῙΙΟΙΙΙΙ
636 269 709 308 wll!
730 268 833 308 muli
854 269 1004 331 natvm-¹

96 410 249 479 materno,
272 401 323 464 vel
343 401 370 463 si
391 401 459 481 ipso
480 399 563 462 iilius
588 400 740 464 naturalis
764 402 859 466 luerit
872 403 1115 484 emancipatus,
1141 407 1240 472 etiarn
1256 424 1297 470 arv

95 511 240 588 paterno,
263 503 314 565 vel
338 520 457 583 proavo
478 501 572 591 simili
595 503 687 565 modo
710 508 840 586 paterno
864 501 917 566 vel
939 509 1094 569 materno
1111 507 1219 573 lilium
1230 525 1297 571 suun

96 606 220 670 dederit
241 606 271 666 in
294 603 511 684 adoptionem:
543 605 575 665 in
602 603 663 666 boc
692 622 785 682 casu,
817 605 890 685 quia
917 613 1129 671 concurrunt
1162 611 1198 673 in
1229 628 1299 674 unm

96 723 262 789 personam
284 710 316 767 et
335 703 488 766 naturalia
511 710 544 766 et
565 704 742 785 adoptionis
765 707 845 781 iuro,
871 709 974 768 manet
997 705 1127 772 stabile
1150 710 1299 793 turpari

97 807 247 888 adoptivi,
268 812 300 870 et
321 805 456 869 naturali
471 807 600 870 vinculo
616 807 796 887 copulatum
809 813 842 869 et
857 807 1002 891 legitimo
1018 809 1218 893 adoptionis
1231 809 1300 877 molt

97 911 317 985 constrictum,
352 912 387 970 ut
408 910 492 970 etin
514 906 660 970 familiam
690 913 721 970 et
750 909 782 972 in
808 912 963 989 potestate
992 909 1195 977 huiusmodi
1225 912 1300 994 patrii

97 1012 235 1092 adoptivi
257 1012 308 1076 sit.
352 1009 503 1074 llodierni
526 1009 605 1071 bano
620 1010 819 1090 adoptionem
838 1010 961 1091 plenam
981 1019 1122 1075 vocant.
1161 1011 1301 1093 Exadop

97 1115 163 1177 tivo
186 1117 277 1175 natus
300 1111 441 1191 adoptivi
464 1111 567 1173 locum
588 1110 708 1174 obtinet
721 1109 759 1197 1).

138 1217 168 1296 ξ.
182 1213 254 1278 206.
299 1211 471 1291 Utriusque
493 1210 669 1292 adoptionis
692 1212 740 1273 vis
764 1216 796 1274 ct
818 1216 957 1293 potestas
980 1210 1117 1278 tollitur
1138 1215 1202 1280 lilii
1222 1206 1301 1296 adop

98 1317 153 1378 tivi
177 1313 423 1394 emancipatione
440 1312 466 1399 Ι)

135 1415 165 1477 Α
189 1414 301 1477 remim
322 1412 488 1493 adoptatus
520 1414 610 1494 quasi
639 1431 679 1475 ex
707 1432 743 1475 ea
772 1413 977 1496 progenitus,
1006 1414 1048 1475 ad
1085 1418 1203 1483 vicem
1226 1423 1300 1482 natv-

98 1515 174 1578 ralis
199 1514 396 1596 legitimique
418 1514 474 1576 lilii
498 1515 681 1602 habetur-³).

142 1618 172 1696 ξ.
185 1614 257 1678 207.
301 1613 377 1675 Cum
399 1615 541 1696 impubes
563 1634 620 1696 per
631 1616 781 1696 principis
794 1616 982 1696 rescriptum
994 1616 1203 1702 adrogatur,
1226 1636 1299 1683 canu

100 1715 226 1797 cognita
249 1714 414 1797 adrogatio
437 1716 626 1796 permittitur
648 1721 680 1777 et
701 1717 878 1795 exquiritur
901 1732 995 1779 causa
1019 1717 1258 1802 adrogationis
1273 1735 1299 1781 ar

100 1817 233 1878 honesta
254 1815 305 1892 sit,
329 1816 539 1898 expediatque
561 1815 733 1902 pupillo4).
767 1816 805 1878 lit
826 1816 859 1877 lit
880 1816 1048 1900 adrogatio
1075 1837 1157 1885 cum
1182 1823 1298 1905 quibua·

99 1917 168 1980 dam
196 1916 444 1993 conditionibus,
475 1919 496 1978 i.
519 1937 548 1980 e.
578 1923 612 1979 ut
641 1916 845 1980 satisdatione
875 1923 985 1981 caveat
1018 1917 1211 2003 adrogator
1243 1938 1299 2005 per·

102 2036 188 2084 sonae
211 2017 343 2100 publice
364 2019 395 2080 h.
415 2037 442 2081 a.
465 2019 632 2094 tabulario,
654 2019 681 2080 si
702 2019 783 2081 intra
807 2019 1002 2099 pubertatem
1024 2021 1181 2101 pupillus
1205 2025 1299 2088 dece·

102 2123 191 2198 serit,
213 2122 431 2184 restituturum
453 2139 489 2183 se
512 2120 592 2182 bona
614 2119 696 2199 illis,
727 2123 781 2201 qui
805 2123 832 2183 si
853 2120 979 2202 adoptio
1003 2119 1089 2185 lacta
1120 2141 1195 2188 non
1225 2127 1300 2197 essct.

103 2222 141 2286 ad
163 2225 397 2285 successionem
424 2220 492 2282 eius
518 2223 643 2281 venturi
666 2226 784 2282 essent.
829 2220 906 2283 ltem
927 2238 990 2283 non
1009 2219 1092 2284 alias
1112 2227 1300 2306 emancipare

104 2340 173 2386 eum
201 2328 305 2403 potest
334 2320 520 2402 adrogator,
554 2321 615 2382 nisi
638 2337 731 2383 causa
756 2323 881 2403 cognita
910 2321 1025 2403 dignus
1056 2327 1300 2407 emancipatione

103 2423 219 2496 luerit3
245 2428 277 2484 et
299 2428 374 2484 tunc
395 2421 478 2483 bona
496 2421 531 2491 ei
553 2421 714 2508 reddati).
759 2422 797 2483 lli
819 2423 847 2484 si
869 2422 969 2503 pubes
986 2420 1104 2499 iactus,
1127 2442 1202 2489 non
1221 2441 1300 2507 expa-

103 2525 171 2588 dire
197 2522 257 2584 sibi
279 2526 311 2585 in
333 2527 518 2604 potestatem
541 2521 644 2604 redigi
665 2522 875 2605 adrogatoris,
898 2523 1104 2604 probaverit,
1130 2523 1300 2589 audiendus

104 2629 181 2703 erit,
213 2627 241 2689 si
265 2624 453 2704 emancipari
482 2622 694 2710 desiderati).
738 2622 884 2705 Denique
915 2622 1148 2687 constitutione
1180 2621 1300 2689 divilii

102 2729 229 2791 iubetur
248 2727 430 2808 adrogator,
453 2725 480 2786 si
500 2723 658 2787 decedens
679 2725 872 2805 impuberem
899 2721 1163 2802 exheredaverit,
1190 2727 1246 2792 vel
1262 2726 1300 2788 vi·

103 2846 162 2890 vus
185 2828 254 2890 sine
277 2829 358 2889 iusta
382 2843 476 2888 causa
500 2828 754 2907 emancipaverit,
779 2832 813 2888 ut
836 2832 950 2908 praeter
973 2825 1067 2900 bona,
1092 2843 1172 2906 quae
1195 2830 1237 2893 ad
1258 2847 1300 2910 pv-

104 2935 182 2991 trem
204 2928 386 3008 adoptivum
409 2926 586 3003 transtulit,
617 2933 649 2988 et
670 2944 804 3008 quorum
829 2927 1020 2990 cornmodum
1044 2925 1073 2987 ci
1097 2936 1178 3007 post
1202 2928 1300 3011 acqui·

104 3031 189 3107 sivit,
214 3033 356 3110 quartam
378 3033 496 3108 partem
518 3029 547 3089 ei
568 3027 722 3091 bonorum
744 3044 873 3090 suorum
897 3027 1055 3107 relinquat
1067 3023 1110 3111 ⁷).

121 3236 245 3288 utuvt.
288 3235 422 3300 QUIBUS
445 3235 558 3290 uobis
576 3235 634 3289 1th
656 3236 795 3288 PATRIAE
815 3199 1035 3289 POTESUTIS
1055 3231 1289 3300 SOLVITUR'b

146 3370 176 3450 ξ.
188 3367 259 3432 208.
303 3367 362 3439 Oui
388 3369 420 3428 in
441 3369 540 3447 patria
563 3374 717 3449 potestate
731 3374 814 3446 sunt,
837 3368 973 3431 diversis
989 3388 1029 3433 ex
1043 3373 1152 3431 causis
1170 3390 1212 3436 ea
1227 3372 1301 3435 libe·

103 3475 221 3545 rantur,
243 3475 274 3530 et
296 3470 345 3530 sui
367 3470 445 3531 iuris
468 3468 657 3532 efficiuntur.
702 3470 739 3532 Et
763 3471 794 3532 in
816 3472 914 3551 patris
928 3471 1053 3551 quidem
1073 3475 1244 3549 potestate
1259 3472 1301 3556 qni

104 3576 187 3647 sunt,
208 3577 331 3634 mortuo
355 3586 394 3630 eo
413 3571 463 3630 sui
484 3570 564 3631 iuris
586 3568 680 3644 liunt3
711 3571 766 3649 qui
792 3571 823 3632 in
846 3574 916 3647 avi,
948 3590 986 3634 eo
1006 3577 1130 3634 mortuo
1156 3580 1230 3639 tum
1254 3576 1303 3639 de·

104 3690 185 3734 mum
207 3673 257 3732 sui
279 3672 357 3733 iuris
379 3670 471 3746 liunt,
504 3672 532 3732 si
559 3673 590 3733 in
621 3672 718 3752 patris
750 3678 935 3757 potestatem
958 3671 1099 3735 recasuri
1125 3691 1194 3737 non
1227 3681 1302 3750 sunt,

104 3771 188 3853 quod
210 3771 340 3848 accidit,
371 3788 440 3833 cum
462 3779 552 3852 pater
573 3789 682 3835 eorum
701 3790 763 3834 avo
792 3774 945 3836 moriente
969 3773 1068 3850 vivit,
1101 3778 1135 3834 et
1166 3778 1232 3840 sub
1262 3776 1303 3842 avi

105 3912 302 3924 -ῄ-

188 3982 220 4031 fr.
232 3976 275 4031 27.
294 3981 327 4030 D.
348 3980 374 4031 h.
392 3983 411 4029 t.
503 3978 531 4039 2)
551 3979 580 4031 (l.
601 3976 643 4031 10.
663 3976 687 4038 b.
707 3979 733 4031 2.
751 3978 780 4029 (l.
800 3978 827 4028 h.
847 3984 865 4030 t.

188 4052 217 4104 O.
236 4050 260 4104 5.
281 4050 347 4102 Ood.
366 4053 392 4101 h.
411 4056 429 4100 t.
447 4051 478 4101 fr.
497 4051 540 4104 29.
560 4051 582 4110 ξ.
602 4049 627 4102 3.
646 4052 680 4108 Ι).
700 4048 725 4114 5,
745 4051 761 4103 2
780 4045 827 4114 (da
844 4051 917 4104 inoff.
935 4047 1016 4117 teat).

188 4123 212 4184 ἓ.
230 4122 255 4176 3.
273 4125 294 4173 Ι.
305 4122 360 4174 h.t.
380 4122 538 4174 accuratius
558 4122 591 4172 da
609 4122 662 4173 hoo
679 4121 849 4190 inquisitione
867 4124 1012 4192 loquuntur
1021 4122 1160 4190 Ulpianus
1179 4127 1210 4182 in
1229 4124 1304 4182 fall.

194 4194 219 4246 2.
238 4197 271 4246 D.
289 4194 316 4243 h.
332 4199 359 4256 t,
380 4198 406 4245 ot
422 4193 606 4245 Diocletianus
622 4194 650 4244 in
669 4210 692 4245 c.
712 4195 736 4247 2.
757 4192 831 4247 cod.
843 4195 904 4246 aod.

189 4266 213 4327 ἓ.
233 4266 258 4318 3.
277 4266 297 4314 Ι.
318 4266 360 4317 oia
510 4261 538 4329 6)
557 4265 600 4314 Fr.
620 4264 662 4316 32.
681 4283 720 4332 pr.
737 4267 768 4316 fr.
788 4263 831 4316 33.
851 4267 885 4316 D.
903 4269 930 4318 h.
949 4271 968 4317 t.

190 4337 214 4396 ἓ.
233 4336 257 4393 3.
278 4338 298 4387 Ι.
319 4337 361 4387 eii.
379 4336 410 4386 ir.
421 4333 463 4387 13.
483 4353 522 4402 pr.
541 4336 573 4385 D.
595 4332 638 4398 37,
657 4333 674 4386 5
692 4335 726 4403 (si
745 4335 811 4404 quid
829 4336 857 4387 in
869 4333 1044 4403 steropen).
1063 4334 1094 4386 ln.
1107 4333 1192 4390 8.15.
1217 4345 1252 4395 D.
1261 4338 1304 4407 5,2

103 4406 134 4474 (d
167 4408 241 4460 inoff.
259 4404 340 4472 tesi).
365 4407 397 4458 fr.
417 4406 441 4458 1.
461 4405 484 4464 b.
502 4406 544 4459 21.
564 4407 596 4457 Ι).
619 4405 662 4470 37,
681 4406 696 4459 6
716 4405 763 4473 (do
781 4407 894 4476 collat.).
914 4411 945 4462 ir.
966 4408 1009 4461 22.
1028 4423 1067 4474 pr.
1086 4407 1121 4461 D.
1141 4407 1169 4460 b.
1194 4416 1215 4463 t.

188 4482 251 4533 lust.
269 4479 290 4531 Ι.
310 4479 353 4533 12.
372 4477 433 4544 Ulp.
453 4478 474 4529 1.
495 4475 538 4532 10.
559 4475 618 4532 aar.
640 4478 665 4531 1.
684 4477 709 4539 §-
729 4476 790 4532 124.
807 4494 863 4547 seq.
919 4526 926 4547 ,
1180 4534 1183 4538 Α
