2804 4966
142 297 196 354 314
466 306 665 343 tusuruurtonm
685 306 758 344 ruam
779 306 881 345 nonunt
900 308 1018 352 narrari,

143 443 310 525 ligantium
340 418 518 521 impositum
549 445 617 516 est,
653 459 713 502 nec
743 459 805 510 non
830 440 1010 504 eorumdem
1041 443 1204 505 advocatis
1218 442 1256 528 ¹).
1302 443 1350 505 Ex

143 543 329 625 quibusdam
352 542 456 604 causis
479 540 635 603 adversus
668 541 837 604 infitiantes
860 542 947 624 dupli
972 542 1024 605 vel
1049 542 1240 624 triplicatio
1267 561 1349 606 con-

142 645 282 707 stituitur
292 643 340 729 1);
374 660 413 704 ex
438 641 598 704 nonnullis
621 643 748 705 iudiciis
772 642 970 706 condemnati
992 642 1195 726 ignominiosi
1216 643 1348 732 liunt⁸).

143 746 288 826 Denique
311 745 365 825 qui
389 744 475 806 litem
495 742 611 825 perdit,
637 744 705 804 eius
727 760 882 824 expensas
906 744 991 806 lerre
1014 743 1263 833 compellitur4).

196 950 265 1002 Tl'l'.
285 950 357 1003 VIII.
393 951 442 1002 ΒΕ
461 949 786 1004 saulsonutorttuus
805 949 976 1014 ALIISQUE
996 952 1156 1005 caunum
1173 955 1298 1008 monis.

186 1088 217 1169 ξ.
233 1084 323 1150 1096.
366 1083 441 1146 Erat
463 1083 537 1147 olim
557 1084 589 1145 in
611 1084 737 1146 iudiciis
761 1083 1036 1165 frequentissimus
1057 1086 1230 1150 satisdandi
1255 1105 1346 1151 usus.

144 1185 191 1249 Ne
213 1187 295 1248 enim
316 1185 432 1247 iudicia
452 1185 678 1247 desererentur
699 1189 753 1246 aut
767 1186 869 1247 inania
882 1185 1103 1263 redderentur,
1125 1187 1217 1251 modo
1234 1189 1262 1250 is
1278 1206 1348 1252 cum

146 1305 208 1369 quo
233 1285 349 1369 agitur,
375 1284 465 1348 modo
490 1287 544 1365 qui
567 1287 652 1368 agit,
675 1285 831 1348 satisdare
854 1286 874 1346 i.
899 1304 926 1347 e.
950 1286 1167 1350 fideiussorem
1191 1288 1266 1350 dare
1290 1306 1349 1351 co-

148 1386 300 1470 gebatur:
326 1402 435 1448 causas
449 1390 551 1448 autem
564 1385 718 1467 singulas,
742 1385 910 1466 exquibus
932 1385 999 1448 haec
1018 1387 1266 1464 iieridebebant,
1289 1394 1349 1451 tam

147 1491 178 1550 in
195 1487 262 1550 Gaii
274 1487 302 1574 ⁵)
319 1504 411 1568 quam
426 1486 457 1547 in
470 1485 635 1548 Iustiniani
648 1486 896 1548 institutionibus
907 1488 935 1573 6)
958 1490 1126 1550 accuratim
1142 1488 1251 1551 relatae
1264 1494 1347 1551 sunt.

188 1592 219 1672 ᾗ.
233 1588 324 1652 1097.
368 1587 548 1650 Novissime
569 1589 639 1649 iure
671 1587 736 1651 haec
766 1587 805 1649 de
835 1587 1089 1651 satisdationibus
1119 1594 1234 1651 statuta
1264 1588 1350 1673 legi-

145 1705 224 1752 mus.
256 1689 302 1751 >Si
328 1689 398 1768 quis
423 1689 545 1750 sivein
567 1707 632 1750 rem
656 1689 780 1750 actione
803 1690 1010 1765 convenitur,
1033 1690 1157 1752 sivein
1181 1706 1347 1771 personam

145 1807 204 1854 suo
226 1790 361 1866 nomine,
385 1787 503 1850 nullam
527 1788 762 1851 satisdationem
785 1807 843 1869 pro
864 1787 928 1850 litis
949 1790 1153 1852 aestimatione
1168 1789 1245 1852 dare
1262 1807 1352 1852 com-

72 1952 79 1963 ,
147 1889 287 1971 pellitur,
310 1889 367 1952 sed
389 1907 446 1970 pro
468 1907 524 1951 sua
546 1894 663 1951 tantum
685 1908 832 1972 persona,
857 1890 941 1970 quod
965 1890 997 1951 in
1019 1890 1136 1954 iudicio
1159 1896 1352 1972 permaneat,

146 2008 249 2070 usque
273 1990 311 2052 ad
334 1991 499 2053 terminum
527 1989 591 2052 litis
601 2009 610 2066 3
644 1990 695 2052 vel
723 1991 925 2052 committitur
954 2007 1019 2053 suae
1048 1992 1249 2072 promissioni
1281 2008 1352 2052 cum

148 2090 363 2172 iureiurando,
390 2108 480 2171 quam
502 2090 686 2153 iuratoriam
711 2092 888 2153 cautionem
915 2098 1046 2167 vocant3
1071 2092 1121 2155 vel
1144 2091 1352 2173 nudanpro-

150 2192 330 2254 missionem
351 2191 403 2253 vel
426 2192 662 2255 satisdationem
685 2208 742 2273 pro
767 2190 917 2272 qualitate
939 2209 1161 2273 personaesuae
1174 2193 1250 2255 dare
1263 2209 1354 2254 com-

150 2291 280 2374 pellitur
297 2293 335 2381 i).
1282 2286 1288 2291 ’

192 2399 222 2478 ξ.
236 2395 328 2460 1098.
372 2395 427 2457 Sin
452 2400 555 2458 autem
576 2413 634 2476 per
655 2399 893 2476 procuratorem
915 2394 954 2457 lis
977 2393 1030 2456 vel
1050 2393 1186 2456 insertur
1209 2393 1261 2454 vel
1277 2410 1354 2455 sus-

151 2497 283 2576 cipitur,
314 2495 346 2557 in
368 2496 485 2558 actoris
507 2496 632 2576 quidem
653 2513 809 2576 persona,
841 2497 867 2558 si
891 2514 953 2557 non
974 2495 1150 2558 mandatum
1171 2496 1250 2558 actis
1272 2495 1355 2556 insi-

151 2602 278 2657 nuatum
303 2601 361 2672 est,
385 2596 436 2658 vel
459 2614 599 2677 praesens
620 2596 763 2659 dominus
785 2596 849 2660 litis
873 2598 904 2658 in
926 2597 1044 2660 iudicio
1065 2595 1281 2679 procuratoris
1305 2594 1357 2656 sui

153 2715 318 2778 personam
343 2699 590 2777 confirmaverit,
612 2705 708 2762 ratam
730 2718 796 2762 rem
820 2699 978 2762 dominum
1003 2699 1191 2775 habiturum,
1215 2695 1358 2758 satisda-

153 2800 270 2861 tionem
292 2806 478 2880 procurator
499 2800 575 2863 dare
597 2800 795 2880 compellitur
803 2819 811 2876 3
837 2799 947 2866 eodem
969 2798 1169 2862 observando
1187 2798 1258 2860 etsi
1272 2802 1357 2860 tutor

154 2901 207 2963 vel
231 2906 357 2963 curator
379 2901 431 2962 vel
452 2901 521 2963 aliae
543 2900 621 2963 tales
644 2918 800 2983 personae,
824 2919 895 2982 quae
917 2901 1091 2963 alienarum
1112 2916 1218 2962 rerum
1232 2899 1359 2982 guber-

154 3001 311 3063 nationem
332 3007 534 3082 receperunt,
560 3002 646 3064 litem
670 3002 856 3082 quibusdam
880 3020 938 3084 per
960 3002 1054 3065 alium
1077 3000 1271 3087 insectanti).

197 3106 227 3183 ξ.
243 3102 334 3166 1099.
379 3102 433 3165 Sin
457 3121 534 3164 vero
558 3103 672 3183 aliquis
696 3105 894 3180 convenitur,
919 3103 947 3164 si
970 3103 1095 3183 quidem
1114 3117 1254 3183 praesens
1278 3117 1360 3180 pro-

155 3207 332 3266 curatorem
355 3201 431 3264 dare
453 3210 578 3283 paratus
603 3209 669 3282 est,
703 3209 809 3285 potest
833 3203 885 3266 vel
916 3207 985 3284 ipse
1013 3204 1044 3264 in
1072 3201 1223 3265 iudicium
1245 3201 1359 3263 venire

159 3309 190 3366 et
222 3304 271 3366 sui
300 3306 513 3385 procuratoris
546 3323 712 3386 personam
742 3323 801 3387 per
829 3305 999 3367 iudicatum
1028 3303 1111 3365 solvi
1141 3300 1361 3365 satisdationis

157 3407 307 3469 solennes
330 3407 550 3487 stipulationes
575 3407 717 3482 firmare,
748 3406 801 3468 vel
831 3413 918 3468 extra
941 3405 1091 3467 iudicium
1120 3401 1360 3472 satisdationem

159 3525 334 3588 exponere,
360 3524 528 3588 perquam
550 3508 619 3588 ipse
642 3508 692 3568 sui
716 3507 928 3586 procuratoris
951 3505 1121 3566 fideiussor
1145 3502 1278 3577 existat,
1302 3517 1362 3583 pro

159 3606 302 3669 omnibus
325 3607 493 3669 iudicatum
519 3606 602 3669 solvi
624 3597 837 3669 satisdationis
861 3605 1031 3681 clausulis,
1062 3603 1170 3666 ulrici
1192 3602 1232 3665 de
1254 3603 1363 3684 hypo-

159 3711 249 3797 tlreca
271 3724 398 3768 suarum
419 3725 525 3769 rernm
550 3709 721 3770 convenire
744 3705 961 3787 compellitur,
992 3707 1063 3768 sive
1086 3706 1119 3767 in
1141 3703 1261 3767 iudicio
1283 3722 1363 3785 pro-

158 3808 288 3883 miserit,
306 3809 376 3871 sive
389 3816 476 3872 extra
489 3809 638 3871 iudicium
650 3809 780 3884 caverit,
802 3813 836 3869 ul
850 3813 910 3871 tam
930 3808 999 3888 ipsc
1020 3821 1111 3887 quam
1136 3803 1275 3867 heredes
1293 3804 1363 3867 eius

160 3910 360 3993 obligentur3
384 3908 445 3972 alia
467 3910 597 3991 insuper
618 3909 742 3972 cautela
765 3909 816 3972 vel
830 3908 1034 3972 satisdatione
1053 3912 1181 3989 propter
1194 3923 1363 3988 personam

157 4049 356 4060 ——--

194 4134 222 4204 1)
244 4139 287 4189 Pr.
306 4137 330 4196 ἓ.
344 4137 369 4190 1.
388 4140 409 4189 l.
428 4138 455 4189 lr.
470 4143 489 4190 t.
506 4140 537 4190 fr.
557 4136 582 4190 2.
608 4139 675 4192 Ood.
693 4139 720 4204 2,
738 4136 772 4194 59
791 4137 838 4204 (dc
855 4135 1028 4190 iureiurando
1046 4137 1155 4203 propter
1178 4127 1366 4197 adamatam).

160 4214 227 4348 Noav)
239 4207 393 4341 1910131.
412 4288 431 4335 a.
532 4281 561 4348 a)
581 4282 605 4344 t.
624 4281 649 4334 a.
670 4281 690 4332 1.
712 4280 773 4334 eoa.
796 4281 855 4334 aar.
872 4277 898 4332 4.
919 4273 1024 4345 §.1822

190 4351 219 4417 4)
240 4354 268 4405 0.
289 4349 313 4402 5.
334 4353 363 4406 O.
382 4349 407 4416 7,
426 4351 460 4406 31
481 4352 529 4420 (de
547 4354 678 4407 fructibus
698 4357 724 4404 ct
744 4352 797 4404 litis
816 4349 961 4422 expausis).

191 4421 220 4488 5)
241 4423 300 4474 Gai.
316 4423 342 4476 4.
364 4424 387 4484 §-
405 4423 547 4479 tto-102.
647 4422 675 4489 6)
695 4421 759 4487 1.4,
778 4424 822 4476 11.
842 4452 875 4462 -
897 4421 1002 4494 Moyse
1020 4418 1044 4480 9.
1065 4416 1126 4472 156.

193 4490 440 4559 metunt
540 4492 781 4563 099111
