2798 4972
530 293 610 330 urrrn
623 293 665 334 ru.
695 294 751 331 cur.
767 293 806 330 rr.
1215 285 1268 340 279

54 427 141 508 perit
161 424 291 500 iniuria,
314 422 424 504 quanti
444 439 482 482 co
494 440 546 483 res
560 422 630 497 ortt,
651 423 684 483 tn
700 422 804 486 metor
819 424 945 504 triotnto
957 426 1117 507 mominis,
1141 435 1260 490 tantuna

59 546 103 590 aas
125 526 248 589 domim
269 524 347 588 dore
369 524 499 586 domnos
519 530 584 587 cato
605 526 638 608 ¹).

102 622 222 728 §.9842
266 642 415 705 Nascitur
443 642 605 724 igiturex
636 642 711 725 lege
738 642 866 723 Aquilia
897 643 1050 726 obligatio
1081 646 1120 708 de
1148 648 1260 710 damno

58 748 172 832 iniuria
197 744 271 807 dato
292 742 502 805 restituendo.
550 742 666 806 iniuria
687 749 790 806 autem
812 744 924 806 lactum
948 745 1073 822 dicitur,
1096 746 1179 825 quod
1198 766 1259 811 non

60 848 131 908 iure
155 844 270 907 facturn
296 849 362 920 est,
395 843 517 921 idest,
547 845 631 926 quod
653 847 685 907 in
707 844 837 907 alterius
859 864 895 907 re
918 847 986 908 sine
1008 849 1077 908 iure
1101 850 1131 908 et
1155 847 1258 928 culpa,

61 947 184 1008 etiamsi
206 945 381 1021 levissima,
407 946 549 1008 damnum
574 945 678 1009 datum
700 951 749 1008 est
759 947 798 1032 ²).
843 945 931 1008 Unde
956 949 1009 1026 qui
1032 949 1102 1010 iure
1121 950 1263 1015 damnum

59 1046 153 1123 fecit,'
169 1047 224 1108 uel
247 1047 301 1126 qui
325 1045 417 1128 culpa
440 1052 548 1124 caret,
580 1049 637 1110 hac
658 1049 732 1130 lege
754 1067 817 1110 non
839 1054 985 1127 tenetur,
1019 1050 1118 1113 veluti
1140 1056 1262 1138 magis-

59 1155 161 1213 tratus
183 1165 242 1212 suo
265 1167 396 1214 munere
419 1151 568 1234 fungens,
592 1152 644 1214 vel
670 1154 723 1232 qui
744 1169 817 1214 sese
839 1152 1030 1230 detondens,
1055 1152 1150 1216 alium
1168 1157 1262 1218 occi-

60 1251 141 1314 dere
163 1256 302 1328 coactus,
326 1251 441 1314 occidit
452 1253 493 1336 ³).

102 1371 220 1454 §.985.
263 1372 508 1434 occuratissima
530 1373 790 1453 interpretatione
815 1392 831 1434 a
855 1371 1089 1435 iurisconsultis
1115 1371 1260 1436 Romanis

60 1477 111 1535 est
135 1468 307 1545 delinitum,
333 1469 372 1531 de
395 1486 458 1549 quo
473 1471 585 1533 darnno
602 1471 789 1533 vindicando
806 1470 870 1554 legi
885 1471 1021 1551 Aquiliae
1046 1478 1129 1535 esset
1158 1473 1259 1536 locus.

59 1572 223 1651 Praioipue
250 1589 326 1634 vero
351 1578 425 1633 tunc
448 1591 484 1634 ea
508 1574 640 1649 obtinet,
663 1574 691 1634 si
713 1590 847 1652 corpore
866 1574 991 1653 corpori
1008 1574 1150 1636 damnum
1169 1573 1260 1656 culpa

60 1673 102 1734 sit
124 1672 240 1734 daturo.
284 1671 438 1735 Proetores
460 1680 562 1736 tamen
586 1674 623 1736 ad
645 1673 764 1736 similes
785 1691 888 1749 casus,
913 1674 965 1735 ubi
981 1679 1089 1754 aperta
1104 1677 1261 1755 equitatis

59 1775 141 1836 ratio
165 1772 196 1834 id
211 1791 343 1853 poscere
359 1775 536 1854 videbatur,
559 1776 642 1860 legis
655 1776 791 1857 Aquiliae
808 1775 1033 1855 dispositiones
1047 1774 1260 1839 extendebant

61 1877 94 1932 et
116 1870 213 1933 utiles
239 1879 292 1934 aut
314 1876 345 1935 in
367 1875 481 1938 lactum
505 1880 645 1939 actiones
670 1876 785 1938 dabant
797 1875 833 1956 ¹²).

101 1971 278 2035 AEstimatio
302 1973 403 2036 damni
426 1975 505 2037 illati
529 1995 569 2037 ex
591 1977 649 2039 hac
671 1977 745 2058 lege
767 1978 808 2039 ita
836 1980 1042 2056 computatur,
1065 1979 1099 2034 ut
1117 1972 1259 2036 solvatur

58 2069 110 2148 id,
135 2074 244 2151 quanti
268 2091 321 2135 res
344 2074 424 2137 intra
446 2081 569 2156 tempus
591 2076 764 2158 legitimum
790 2080 875 2136 retro
899 2073 1025 2155 plurimi
1048 2073 1165 2149 valuit;
1197 2092 1260 2155 quo

59 2171 105 2248 fit,
129 2178 165 2233 ut
184 2191 270 2254 saepe
292 2176 364 2255 plus
385 2176 513 2239 solvere
540 2177 652 2240 debeat
674 2193 759 2253 reus
784 2195 874 2257 quarn
901 2178 1007 2256 quanti
1031 2192 1082 2238 res
1098 2181 1164 2237 erat
1179 2181 1260 2237 tem-

59 2291 139 2356 pore
161 2273 264 2335 damni
285 2275 316 2336 in
340 2293 376 2337 ea
398 2276 461 2339 dati
474 2277 513 2362 ⁶).
557 2277 691 2357 Tempus
720 2282 823 2338 autem
850 2282 1023 2338 retrorsum
1053 2282 1261 2357 computatur,

60 2392 101 2437 ex
123 2391 185 2454 quo
210 2374 354 2437 damnum
378 2377 482 2440 datum
506 2379 607 2464 estl).
652 2377 862 2440 Praestandum
895 2383 944 2439 est
973 2396 1063 2440 omne
1091 2377 1142 2454 id,
1175 2376 1259 2458 quod

58 2475 177 2538 actoris
201 2477 333 2538 interest
346 2476 385 2564 ⁷).

455 2703 522 2754 mr.
542 2704 574 2754 v.
610 2704 658 2754 aa
678 2702 867 2769 1115111131).

100 2874 132 2954 ξ.
145 2871 218 2937 986.
262 2870 408 2952 Denique
430 2891 470 2934 cx
500 2871 685 2934 delictorum
720 2889 850 2933 numero
882 2870 1024 2933 habenda
1052 2875 1100 2932 est
1134 2869 1259 2933 iniuria.

57 2970 258 3036 Generaliter
280 2976 393 3038 iniuria
417 2976 533 3038 dicitur
555 2993 663 3052 omne,
698 2974 781 3056 quod
804 2992 867 3036 non
889 2976 958 3036 iure
987 2972 1041 3050 fir,
1073 2970 1258 3055 specialiter

55 3074 136 3138 alias
160 3077 367 3154 contumelia,
401 3095 470 3158 quae
491 3096 507 3139 a
532 3076 760 3139 contemnendo
781 3075 861 3137 dicta
888 3080 953 3136 est:
987 3079 1018 3136 et
1040 3092 1132 3154 quarn
1155 3073 1255 3136 Graeci

55 3170 151 3256 ὕβριν
172 3176 331 3257 appellant
342 3177 378 3258 ⁹).

97 3275 165 3337 lloc
184 3293 281 3338 sensu
304 3279 416 3340 iniuria
441 3284 488 3340 est
511 3295 601 3340 omne
622 3277 739 3339 dictum
761 3277 812 3339 vel
835 3275 949 3339 facturn
972 3275 1010 3337 ad
1032 3273 1162 3337 alterius
1179 3293 1258 3336 con-

57 3381 187 3439 temtum
212 3376 286 3440 dolo
301 3380 381 3442 malo
404 3379 567 3457 directum,
590 3381 643 3442 vel
664 3399 755 3443 omne
778 3380 903 3454 lactum,
925 3376 1191 3458 quodignitatem
1208 3373 1258 3435 al-

55 3477 156 3540 terius
177 3476 316 3542 laedimus
340 3480 515 3544 debitamve
537 3483 812 3545 eiaestimationcm
835 3480 1028 3560 denegamus
1041 3475 1094 3560 ¹⁰).
1139 3473 1256 3581 lniuria

91 3760 119 3828 1)
139 3762 199 3815 Gai.
219 3762 244 3815 3.
263 3763 286 3824 ἓ.
305 3761 364 3817 210.
384 3761 444 3816 217.
464 3767 495 3817 fr.
517 3767 542 3818 2.
559 3783 597 3832 pr.
618 3767 649 3816 fr.
669 3761 711 3816 27.
731 3765 753 3824 ἓ.
773 3762 798 3816 5.
820 3759 849 3814 D.
870 3762 897 3812 h.
916 3766 933 3811 t.
953 3778 991 3828 pr.
1012 3759 1034 3820 ἓ.
1057 3757 1139 3812 13.1.
1161 3760 1221 3811 cod.

90 3830 118 3900 2)
140 3835 163 3894 ἓ.
182 3833 207 3886 2.
226 3834 251 3887 3.
279 3836 345 3888 Lh.
366 3841 384 3887 t.
412 3837 469 3889 oar.
488 3836 514 3889 3.
533 3838 555 3897 ἓ.
574 3837 635 3892 211.
654 3838 685 3887 fr.
708 3833 733 3888 5.
762 3835 785 3896 ἐ.
806 3833 829 3886 1.
848 3839 879 3886 ir.
897 3831 941 3884 44.
971 3829 1001 3883 D.
1014 3833 1086 3897 jnt.
1123 3831 1257 3899 Exempla

55 3907 142 3958 habas
158 3907 188 3957 in
205 3904 228 3964 fi.
245 3905 271 3958 4.
293 3908 312 3956 Ι.
333 3909 359 3958 h.
378 3913 396 3959 1.
1220 3906 1223 3913 ’

90 3974 119 4042 3)
138 3978 181 4028 Fr.
200 3974 288 4029 3.-5.
308 3996 346 4045 pr.
364 3981 395 4030 fr.
414 3975 457 4031 45.
477 3976 500 4036 ὅ.
518 3973 545 4028 4.
568 3974 598 4026 D.
618 3978 644 4027 h.
663 3981 681 4027 t.

91 4047 120 4112 4)
141 4047 163 4107 ἓ.
185 4047 227 4100 16.
246 4050 266 4099 Ι.
285 4050 312 4100 h.
333 4055 350 4101 t.
371 4050 431 4101 Gai.
451 4048 476 4101 3.
497 4047 519 4108 5.
538 4046 598 4100 219.
620 4049 651 4098 fr.
671 4044 714 4100 33.
735 4047 757 4106 ἓ.
778 4046 802 4099 1.
825 4045 855 4098 D.
877 4046 938 4099 cod.
958 4047 1027 4100 tha
1045 4047 1114 4098 infra
1133 4042 1155 4101 ἓ.
1177 4040 1255 4094 1200.

91 4117 119 4184 5)
139 4119 161 4179 ἓ.
182 4118 207 4172 9.
228 4118 269 4172 15.
289 4122 309 4171 I.
329 4122 355 4172 h.
376 4127 394 4172 t.
416 4119 474 4172 Gai.
494 4118 518 4171 3.
538 4118 560 4178 ἓ.
583 4117 642 4171 214.
664 4115 724 4171 218.

91 4188 119 4254 6)
139 4191 182 4241 Fr.
202 4191 244 4242 21.
265 4191 287 4250 ἓ.
308 4190 332 4243 1.
350 4194 381 4243 fr.
401 4190 443 4244 23.
463 4191 486 4252 ἓ.
504 4189 530 4242 7.
556 4188 585 4240 D.
606 4191 632 4241 h.
653 4195 671 4241 t.

91 4256 119 4325 7)
142 4259 164 4319 5·
186 4260 228 4313 10.
246 4264 267 4312 Ι.
286 4263 311 4315 h.
330 4268 349 4313 1.
371 4267 402 4315 fr.
422 4263 465 4315 21.
488 4262 510 4321 ἓ.
529 4261 553 4313 2.
574 4264 605 4313 fr.
623 4260 667 4313 22.
690 4256 721 4311 D.
743 4262 802 4312 cod.

91 4329 119 4398 8)
141 4333 162 4383 1.
181 4332 206 4397 2,
225 4331 243 4384 4
263 4333 310 4399 (da
328 4331 443 4400 iniuria).
466 4331 522 4400 θὶς.
540 4329 584 4395 47,
604 4330 638 4383 10
656 4330 703 4398 (de
720 4333 819 4383 iniuriis
839 4335 866 4380 et
881 4329 991 4381 famosis
1010 4323 1129 4392 libellis).
1150 4327 1174 4378 G
1192 4326 1225 4377 al.

57 4401 80 4461 1·
98 4399 158 4456 220.
187 4405 290 4456 Paulus
307 4406 339 4456 V.
358 4403 384 4458 4.
413 4406 509 4458 (tollat.
528 4406 580 4469 leg.
599 4405 710 4457 Mosaio.
730 4409 756 4454 at
773 4405 916 4453 Romanar.
935 4401 973 4450 tit.
992 4395 1016 4448 2.
1047 4398 1114 4450 Ood.
1133 4398 1158 4460 9,
1175 4394 1219 4451 35.

91 4473 120 4539 9)
140 4476 183 4526 Pr.
203 4476 225 4525 I.
244 4475 271 4527 h.
289 4480 307 4529 1.
410 4474 454 4543 10)
476 4478 538 4542 Arg.
556 4477 588 4527 fr.
608 4473 633 4528 5.
653 4470 744 4542 pr.‘D.
763 4472 788 4539 5,
808 4471 842 4525 13
860 4469 908 4536 (de
927 4469 1062 4524 extraord.
1084 4466 1184 4537 cogn).
