2798 4972
149 303 203 364 178
474 312 673 376 internumerare
692 312 765 353 ruau
784 311 888 353 roms
905 311 1027 350 sarram.

145 451 178 506 et
198 460 260 525 ego
281 447 382 504 ratum
403 440 435 502 id
457 440 609 516 habuero,
630 440 784 504 honorum
807 441 970 520 possessio
991 441 1068 503 mihi
1086 444 1288 530 oompetitl).
1311 445 1346 507 Et

147 545 271 623 quoties
293 543 338 617 is,
370 541 422 602 eui
449 540 603 602 honorum
632 541 795 619 possessio
818 539 856 600 ab
880 538 943 602 alio
962 539 1121 619 postulata
1144 549 1215 620 est,
1238 544 1346 608 surore

143 646 286 727 eoeperit,
309 644 408 723 magis
429 639 591 720 probatur,
613 644 720 700 ratum
734 656 806 701 eum
827 639 931 701 videri
952 639 1157 728 uouisset).

185 751 217 829 ξ.
231 743 302 808 630.
345 739 557 803 Hereditatem
585 738 673 801 adire
698 744 853 818 possunt,
891 739 946 818 qui
975 757 1018 800 ex
1047 748 1209 806 momento
1237 743 1351 808 delate

144 844 330 913 hereditatis
351 839 542 904 succedendi
560 856 692 919 capaces
714 856 788 901 esse
809 857 871 901 non
891 839 1057 903 desierunt
1067 841 1113 924 ³),
1135 859 1240 923 seque
1264 844 1351 909 ohti-

144 967 222 1033 gsre
247 948 381 1026 possunt
389 941 430 1026 ⁴).
474 939 613 1001 Infantes
635 940 732 1020 igitur
755 943 787 999 et
800 943 905 1001 mente
924 939 1008 1019 capti
1028 939 1241 1006 hereditatem
1263 945 1352 1008 adire

143 1048 316 1126 nequeunt,
338 1058 396 1102 neo
421 1056 530 1101 eorum
551 1040 677 1100 nomine
709 1043 829 1101 tutores
850 1037 903 1100 vel
930 1044 1096 1102 curatores
1103 1060 1113 1114 ;
1142 1042 1269 1105 ideirco
1291 1046 1352 1107 ho-

142 1164 255 1212 norum
276 1142 437 1225 possessio
456 1157 514 1221 pro
537 1140 577 1202 iis
599 1140 783 1220 postulanda
816 1146 866 1202 est
880 1141 921 1226 ⁶).
972 1140 1158 1220 lmpuheres
1188 1144 1352 1224 pubertati

140 1247 276 1331 proximi
297 1250 432 1307 tutorem
453 1259 581 1304 suorum
603 1243 802 1318 auctoritate,
826 1247 858 1303 et
877 1257 1025 1322 persone
1041 1259 1105 1304 non
1129 1258 1217 1305 sanae
1233 1247 1351 1309 mentis

143 1366 213 1430 que
235 1349 266 1408 in
296 1344 457 1406 curatione
479 1347 571 1418 sunt,
595 1347 774 1403 curatorum
794 1359 923 1406 suorum
949 1359 1107 1406 consensu
1136 1349 1230 1407 reete
1252 1344 1353 1408 here-

142 1451 256 1512 ditates
279 1445 457 1524 suscipiunt
467 1444 508 1526 ⁶).

185 1553 216 1632 §-
229 1548 301 1612 631.
345 1545 377 1608 Si
407 1541 607 1606 filiofamilias
635 1541 745 1603 infanti
767 1541 870 1605 delata
891 1545 932 1604 sit
953 1544 1135 1621 hereditas,
1170 1546 1246 1608 eius
1270 1547 1352 1626 patri

36 1703 48 1717 ,
144 1650 231 1713 illam
253 1646 342 1709 adire
365 1642 497 1728 licet⁷):
519 1639 648 1703 infantia
670 1641 770 1704 maior
790 1639 1009 1704 filiusfamilias
1022 1642 1182 1723 impubes,
1208 1663 1352 1709 eonsen-

144 1753 244 1813 tiente
267 1751 357 1828 patre
378 1744 443 1808 adit
453 1743 491 1829 8).
536 1743 569 1805 Si
590 1759 668 1803 vero
691 1741 838 1804 damnosa
856 1743 1037 1805 inveniatur
1057 1743 1242 1821 hereditas,
1264 1744 1351 1807 filius

143 1855 253 1929 postea
278 1845 408 1909 eandem
428 1843 597 1924 repudiare
618 1847 733 1921 potest,
757 1844 789 1905 in
811 1843 971 1925 integrum
991 1845 1205 1908 restitutionis
1217 1845 1351 1908 auxilio.

144 1946 263 2022 Quodsi
284 1945 368 2008 tilius
391 1947 525 2026 integrae
546 1944 646 2005 aetatis
666 1943 719 2017 sit,
741 1959 804 2005 uon
826 1949 945 2005 tantum
969 1946 1191 2008 consentiente
1214 1946 1275 2008 sed
1299 1948 1351 2011 in-

143 2051 210 2113 vito
232 2049 324 2110 etiarn
344 2051 432 2127 patre
460 2043 664 2107 hereditatem
685 2043 774 2105 adire
795 2049 919 2124 potest,
944 2051 978 2107 et
1001 2046 1034 2107 in
1056 2045 1117 2109 hoe
1139 2063 1219 2109 oasu
1234 2045 1350 2126 plenus

141 2166 248 2214 rerum
265 2147 524 2212 hereditariarum
546 2143 690 2207 dominus
712 2143 756 2220 dt,
782 2144 870 2207 nullo
892 2145 1061 2209 usufructu
1073 2149 1157 2227 patri
1172 2149 1349 2228 aequisit03

142 2254 311 2315 recusante
329 2246 394 2310 tilio
415 2247 485 2327 ipse
506 2250 596 2326 pater
617 2243 705 2306 adire
726 2243 931 2309 hereditatem
953 2252 1077 2327 potest,
1106 2254 1140 2311 et
1161 2266 1260 2313 omne
1281 2250 1350 2312 sive

141 2350 263 2413 luorum
286 2350 356 2411 sive
380 2348 523 2411 damnum
543 2346 575 2408 in
596 2363 684 2408 suam
707 2347 824 2410 habere
845 2349 1002 2414 fortunam
1014 2350 1054 2438 ⁹).

180 2454 212 2532 g.
224 2447 297 2514 632.
341 2447 401 2520 Qui
424 2446 731 2528 verohereditatem
753 2447 843 2511 adire
865 2448 970 2525 volet,
1000 2456 1109 2513 certus
1132 2468 1217 2517 ,esse
1239 2452 1347 2530 debet,

141 2549 323 2612 defunctum
346 2564 418 2611 esse
441 2552 622 2610 testatorem
635 2548 694 2634 lt),
723 2548 850 2630 sibique
871 2549 1079 2615 hereditatem
1101 2557 1157 2614 aut
1178 2570 1220 2615 ex
1250 2570 1348 2617 causa

141 2650 319 2711 testamenti
341 2645 411 2735 (vel
433 2662 511 2728 pure
533 2645 587 2710 vel
609 2647 669 2709 suh
692 2648 910 2735 conditione),
938 2655 993 2713 aut
1020 2649 1060 2713 ah
1089 2650 1244 2715 intestato
1273 2670 1347 2721 esse

285 2747 311 2787 11

136 2748 298 2930 (18188313.
311 2747 404 2918 >Qui
425 2845 483 2908 suh
502 2846 685 2909 conditione
707 2845 869 2909 institutus
890 2852 951 2925 est,
972 2848 1144 2929 impeditur
1166 2847 1261 2917 ’ἀίω
1285 2851 1347 2917 Μ’

138 2947 316 3023 reditatem,
339 2951 370 3007 et
381 2947 409 3007 si
422 2946 547 3027 impleta
560 2948 612 3023 sit,
623 2944 772 3026 quamdiu
790 2947 928 3028 ignorat,
946 2965 1015 3015 eam
1029 2947 1191 3030 impletam
1207 2967 1285 3015 esse
1292 2951 1344 3040 ¹²).

139 3048 173 3113 Si
194 3046 289 3108 heres
311 3049 430 3123 partem
452 3051 570 3108 tantum
591 3046 728 3128 ignorat,
749 3062 790 3107 ex
813 3062 872 3124 qua
893 3046 1058 3111 institutus
1082 3054 1145 3126 est,
1168 3051 1218 3116 nil
1238 3052 1271 3119 ei
1284 3070 1346 3119 no-

139 3151 203 3222 eet,
224 3144 390 3224 quominus
412 3157 469 3224 pro
491 3145 611 3210 herede
634 3149 726 3227 gerat
737 3144 789 3232 ¹³).
832 3144 926 3208 Nulla
949 3152 1055 3211 autem
1074 3149 1134 3213 sub
1157 3151 1345 3217 conditione

172 3343 188 3399 1
220 3343 264 3394 Fr.
283 3339 308 3393 3
326 3358 365 3411 pr.
384 3344 419 3394 D.
438 3338 536 3427 38,1·5
555 3339 604 3410 (tta.
623 3338 689 3402 eie).
706 3344 739 3395 tr.
756 3340 799 3396 63.
818 3359 859 3413 pr·
875 3344 911 3397 D.
929 3343 1008 3410 adl
1029 3343 1079 3413 (1ιᾶ
1098 3347 1201 3405 SOtum
1220 3345 1329 3417 hah.)

170 3415 187 3468 2
217 3412 260 3464 Fr.
278 3411 321 3466 16.
339 3413 372 3462 Ι).
392 3409 469 3476 37,1
490 3409 539 3478 (ιιι.
562 3408 625 3477 ort).

169 3482 200 3622 ἓξ
219 3481 371 3613 313thAE
388 3485 409 3535 1.
428 3486 455 3536 h.
475 3487 493 3534 t.
512 3485 544 3534 fr.
564 3484 608 3537 49.
629 3481 652 3542 §-
673 3481 697 3534 1.
714 3483 748 3534 D.
766 3481 809 3545 28,
827 3480 845 3533 d
865 3479 913 3550 (de
932 3485 1026 3539 hored.
1044 3480 1128 3554 inst).

242 3573 264 3607 r.
299 3594 307 3606 .
350 3557 438 3610 .h.a

170 3625 199 3693 5)
222 3627 265 3680 Ph.
283 3625 326 3682 68.
345 3627 379 3678 D.
388 3628 416 3678 h.
425 3632 444 3678 t.
463 3641 486 3676 o.
505 3622 548 3677 18.
567 3622 590 3682 §-
601 3623 626 3675 2.
648 3621 738 3677 chr.
756 3638 780 3674 o.
798 3618 826 3676 7.
843 3620 901 3682 hd.
920 3621 986 3690 (1.5,
997 3623 1035 3679 70
1055 3625 1104 3694 (do
1123 3636 1213 3687 aurat.
1225 3631 1341 3700 iudaei)

169 3696 197 3762 6)
217 3697 260 3747 Fr.
279 3697 305 3750 8.
322 3697 347 3749 9.
370 3700 403 3748 D.
422 3699 449 3748 h.
467 3702 485 3747 t.
506 3712 529 3746 o.
549 3694 574 3746 8.
593 3695 621 3745 in
637 3696 655 3745 ι’.
675 3694 704 3745 Ο.
725 3693 752 3742 h.
771 3697 789 3743 t
808 3695 841 3745 fr.
860 3695 885 3747 9.
903 3693 926 3754 §-
945 3694 971 3749 3.
992 3699 1026 3750 D.
1046 3698 1093 3764 26,
1109 3698 1129 3755 8
1153 3698 1296 3765 (deamat,
1316 3711 1342 3759 st

134 3785 208 3824 oons.
226 3773 275 3819 tut.
293 3771 337 3820 vel
355 3766 462 3832 curat).
479 3769 521 3818 De
538 3766 657 3832 prodigis
676 3767 721 3818 oir.
739 3766 770 3815 dr.
791 3760 816 3815 5.
840 3762 862 3828 ᾗ
883 3764 908 3818 1.
926 3769 960 3820 D.
979 3768 1008 3823 h.
1025 3774 1043 3823 t,
1063 3773 1107 3827 Do
1128 3774 1220 3831 Μαι,
1240 3782 1268 3833 01
1285 3792 1341 3828 mu.

132 3846 167 3897 tis
184 3843 216 3892 fr.
233 3834 259 3891 ὁ.
277 3856 317 3906 pr.
336 3840 396 3892 eod.
417 3837 484 3897 eth.
502 3835 528 3890 7.
546 3840 567 3891 I.
584 3839 613 3889 h.
630 3844 648 3889 t.
667 3837 696 3889 iu
712 3837 731 3887 f.
1184 3864 1188 3870 ·

167 3907 196 3976 r)
218 3911 247 3962 o.
267 3907 309 3961 18.
327 3927 366 3976 pr.
387 3911 415 3962 o.
434 3912 461 3961 n.
478 3913 497 3959 t.
597 3903 626 3972 a)
643 3906 713 3958 reru.
732 3905 755 3965 s.
773 3903 800 3957 4.

168 3983 197 4045 9)
216 3981 246 4033 G.
263 3977 289 4032 8.
307 3998 346 4047 pr.
367 3982 395 4033 0.
406 3980 433 4043 6,
451 3976 485 4031 61
504 3975 553 4043 (de
569 3979 648 4031 bonis
665 3993 724 4047 qua
739 3974 810 4043 dih).
827 3976 879 4032 oe.
899 3976 934 4035 do
951 3977 981 4034 h..
993 3997 1017 4034 o.
1036 3987 1110 4039 teoto
1123 3984 1339 4056 interpretanda,

134 4054 278 4114 Mereaada,
299 4059 416 4106 controv.
437 4055 490 4120 ior.
510 4049 528 4099 l.
546 4047 572 4101 4.
592 4067 614 4102 e.
632 4047 675 4102 22.

149 4121 196 4190 10)
219 4123 242 4184 §-
262 4118 288 4174 7.
307 4124 328 4175 Ι.
349 4125 376 4177 h.
394 4130 413 4177 t
431 4127 462 4177 tr.
481 4119 525 4178 19.
541 4118 585 4175 38.
603 4139 642 4187 pr.
659 4123 693 4173 fr.
711 4115 755 4173 84.
773 4120 808 4171 D.
826 4119 855 4173 h
876 4123 896 4173 t.

150 4195 181 4248 11
214 4196 257 4245 Fr.
278 4193 320 4246 22.
339 4193 382 4246 32.
404 4193 428 4256 ἓ.
445 4191 490 4247 42.
507 4194 538 4244 a.
556 4189 600 4243 46.
619 4189 662 4245 51.
680 4208 721 4257 pr.
738 4193 773 4243 D.
790 4191 852 4245 eod.
1284 4257 1288 4261 .

148 4265 184 4319 12
218 4265 261 4315 Fr.
280 4264 324 4316 21.
342 4266 376 4317 D.
395 4262 479 4329 35,1
504 4259 692 4328 (dependit).
735 4263 823 4322 Antea
844 4261 913 4314 enim
932 4261 1047 4328 igneam,
1065 4264 1119 4318 sibi
1138 4264 1264 4323 deletam
1281 4283 1337 4323 esse

131 4336 316 4388 hereditatem.
338 4336 504 4390 Contrarium
514 4335 647 4387 'statuitur
664 4334 692 4384 in
709 4334 741 4384 fr.
752 4332 793 4385 21.
806 4331 829 4392 ἓ.
839 4330 865 4383 3.
884 4331 982 4386 Dht
1000 4334 1044 4388 De
1062 4350 1116 4405 qua
1135 4351 1201 4393 eum
1218 4339 1339 4409 tprtom

133 4407 227 4459 senoil.
247 4406 359 4460 multum
379 4408 522 4474 disputant.
558 4406 610 4459 Gir.
628 4423 651 4461 o.
677 4403 823 4470 Vanam
842 4400 866 4462 §-
882 4399 943 4459 498.

148 4471 195 4541 18)
212 4476 256 4529 Dr·
274 4473 317 4529 21.
337 4477 362 4540 ἓ.
379 4475 405 4532 3.
424 4479 458 4530 Ι).
479 4477 506 4530 h.
525 4482 544 4531 t.
564 4476 654 4530 ditata.
672 4476 704 4529 ir.
722 4471 748 4528 h·
767 4471 791 4535 h·
810 4472 836 4526 1.
853 4474 888 4526 D.
902 4469 965 4539 5,4
988 4471 1024 4544 (st
1040 4490 1107 4544 pars
1124 4477 1246 4539 heredi&
1260 4475 1334 4548 pat).
