2804 4966
567 276 754 321 rnrnooucrro.
1238 270 1255 322 9

99 413 130 494 ξ.
145 410 196 474 28.
239 409 337 472 Prima
361 426 466 473 earum
489 407 644 491 publicam
667 409 861 490 disciplinam
883 411 1004 490 spectat
1025 407 1056 472 et
1076 409 1126 471 loa
1139 408 1255 490 politice

59 518 204 574 vocatur.
249 511 456 572 Inveniuntur
481 512 561 571 enim
595 512 627 572 in
651 510 830 572 civitatibus
851 510 941 591 leges
974 517 1005 572 et
1027 511 1254 587 ordinationes,

59 631 130 693 qnae
153 613 191 675 ad
217 613 361 674 tuendam
374 612 489 673 civium
513 612 714 673 securitatem
726 617 757 672 et
777 610 816 672 ad
829 612 1059 673 vitamcivilem
1083 618 1143 674 tarn
1167 631 1255 675 com-

58 715 249 790 modiorem,
281 729 372 793 quam
401 712 617 773 iucundiorem
651 711 861 789 efficiendam,
894 714 1053 793 totiusque
1073 713 1255 793 reipublicae

58 814 189 877 salutem
213 820 244 875 et
267 813 506 895 prosperitatem
529 813 771 893 promovendam
800 819 873 874 sunt
901 815 1061 875 institutae.
1106 814 1255 895 Spectant

58 916 96 978 ad
119 932 237 977 morum
261 931 423 975 censuram
449 919 480 974 et
502 915 743 990 correctionem,
766 914 804 976 ad
826 932 879 976 res
910 917 1115 995 summarias,
1150 934 1254 978 curam
1297 946 1300 951 ·

58 1033 240 1099 pauperum,
263 1014 301 1076 ad
325 1014 563 1096 agriculturam,
585 1014 622 1077 ad
646 1015 848 1090 commercia,
872 1014 1015 1095 opiticum
1041 1015 1177 1098 collegia
1201 1017 1254 1079 vel

58 1109 226 1199 privilegia
250 1122 282 1178 et
304 1116 391 1179 alia,
412 1114 447 1176 ln
469 1116 582 1195 quibus
607 1116 750 1178 omuibus
775 1115 833 1178 hoc
849 1122 898 1177 est
912 1116 1093 1196 reipublicae
1104 1116 1252 1193 cilicium,

58 1222 94 1276 ut
114 1220 317 1278 amoveantur
341 1233 548 1295 quaecunque,
572 1233 611 1276 ex
628 1215 751 1294 quibus
766 1215 948 1295 reipublice
971 1217 1148 1296 civiumque
1168 1217 1253 1279 salus

59 1316 277 1379 detrimentum
301 1335 414 1398 capere
427 1319 537 1396 possit,
562 1307 593 1378 et
610 1316 826 1379 custodiantur
838 1333 1033 1397 quaeounque
1050 1316 1254 1380 sublevandae
1338 1341 1340 1349 ⁸

32 1469 35 1473 .
59 1425 90 1480 et
110 1417 312 1481 meliorande
334 1418 406 1480 vitae
427 1417 530 1478 civilis
555 1417 726 1479 conditioni
748 1417 907 1479 inservire
930 1417 1107 1480 videantur.

101 1521 131 1600 ξ.
144 1517 195 1583 29.
238 1517 347 1580 Altera
372 1520 472 1580 aerarii
492 1518 611 1598 publici
633 1519 886 1581 constitutionem
911 1525 941 1580 et
956 1519 1254 1583 administrationem

58 1625 198 1699 spectat:
227 1618 458 1699 hodiequet'us
480 1619 638 1681 Comorolo
668 1636 724 1681 seu
749 1618 966 1680 Finonot'orunr
997 1621 1122 1682 dicitur.
1179 1619 1253 1682 Cum

57 1721 158 1783 omnis
182 1720 305 1801 imperii
327 1739 444 1784 nervus
468 1723 509 1783 sit
531 1723 563 1782 in
584 1723 715 1801 pecunia
741 1721 882 1801 publica;
907 1722 1024 1800 ubique
1048 1722 1151 1782 erarii
1175 1739 1255 1783 con-

57 1821 207 1884 stituendi
235 1821 339 1883 fontes
363 1823 575 1902 reperiuntur,
599 1827 633 1882 ut
648 1821 794 1883 dominici
808 1821 964 1896 redditus,
991 1821 1171 1904 vectigalia,
1195 1839 1254 1883 va·
1331 1812 1333 1817 ’

58 1925 98 1984 rii
122 1923 248 2004 generis
270 1923 398 1999 tributa,
419 1925 646 2004 pensitationes
659 1940 717 2003 pro
733 1923 912 2004 privilegiis
925 1922 1097 1998 concessis,
1120 1928 1252 1984 caetera:

59 2039 192 2103 quorum
214 2039 288 2084 cura
310 2024 444 2103 propriis
469 2022 771 2085 administratoribus
794 2024 925 2084 comissa
949 2027 1006 2087 est.

103 2126 132 2206 ξ.
146 2122 197 2186 30.
248 2123 349 2186 Tertia
384 2125 475 2186 buius
502 2126 580 2186 iuris
609 2142 682 2205 pars
709 2141 773 2183 rena
800 2123 960 2185 militonem
989 2124 1128 2203 respicit.
1180 2122 1255 2184 Cum
1290 2109 1292 2111 ¹

58 2226 98 2288 ad
123 2224 418 2305 tuendamquietern
441 2226 594 2287 internam
617 2227 735 2306 pariter
758 2244 793 2287 ac
816 2225 853 2286 ad
868 2226 1067 2286 securitatem
1092 2228 1252 2286 externam

57 2327 209 2389 militibus
236 2343 315 2407 opus
339 2328 398 2400 sit;
432 2329 548 2389 sanciri
572 2327 655 2388 solet
678 2327 802 2406 quando
825 2327 912 2387 cives
942 2325 979 2388 ad
1010 2324 1147 2386 militiam
1179 2326 1251 2406 cogi

57 2429 179 2509 possint
190 2427 241 2489 vel
257 2426 294 2488 ad
317 2425 536 2508 praestandum,
559 2446 685 2508 quores
709 2429 851 2490 militaris
874 2432 1087 2489 sustentetur:
1111 2444 1180 2507 quae
1191 2431 1254 2489 sint

56 2527 188 2589 militum
211 2528 312 2614 cilicia
337 2534 367 2589 et
391 2531 458 2589 iura
483 2534 513 2590 et
537 2528 712 2610 disciplinae
736 2530 878 2591 militaris
902 2529 1021 2617 leges..

100 2633 129 2713 ξ.
142 2629 193 2693 31.
238 2629 388 2710 Sequitur
409 2635 521 2711 quarto
543 2630 624 2707 loco,
649 2630 731 2712 quod
755 2649 812 2693 nos
827 2631 880 2691 tus
905 2630 1061 2691 criminale
1091 2646 1250 2703 vocamus,

57 2731 194 2812 et,quod
214 2731 343 2793 Romani
367 2731 486 2808 titulis,
520 2733 574 2811 qui
605 2736 678 2793 sunt
700 2731 740 2794 de
772 2732 954 2794 criminibus
980 2736 1010 2793 et
1046 2731 1085 2794 de
1115 2730 1249 2811 publicis

56 2833 195 2908 iudiciis,
220 2831 517 2911 complectebantur.
550 2831 747 2894 Deliniuntur
774 2851 811 2895 eo
825 2832 1011 2894 delictorum
1035 2851 1072 2894 ac
1094 2833 1254 2894 criminum

57 2939 167 2996 natura
190 2938 221 2994 et
242 2933 379 3013 specioS,
401 2950 501 3012 poenae
524 2951 694 3014 carumque
717 2933 887 2996 moderatio
902 2933 954 2996 vel
978 2935 1091 3008 auctio,
1116 2934 1255 2995 iudicio-

56 3051 124 3095 rum
145 3032 341 3112 publicorum
361 3032 449 3094 ordo.

99 3137 129 3215 ξ.
144 3132 195 3197 32.
240 3132 384 3196 Ponenda
408 3139 455 3195 est
479 3139 542 3194 tum
565 3133 618 3197 illa
643 3136 722 3197 iuris
747 3135 866 3216 publici
887 3151 970 3215 pars,
997 3151 1066 3214 quae
1090 3136 1120 3196 in
1144 3133 1254 3195 ordine

58 3234 244 3296 iudiciorum
268 3237 429 3310 consistit,
458 3236 599 3315 quibus,
623 3237 654 3297 in
676 3237 807 3316 privatis
829 3253 886 3297 scu
909 3235 1055 3297 civilibus
1078 3235 1182 3296 causis
1205 3235 1253 3294 ius

57 3341 199 3398 nostrum
214 3337 444 3417 persequimur.
471 3336 537 3398 Hoc
560 3338 630 3398 iure
652 3339 884 3399 constituuntur
897 3337 1131 3418 magistratuum
1155 3337 1254 3397 iuris·
1294 3344 1304 3354 ’

57 3435 152 3497 dictio
175 3441 206 3497 et
226 3439 399 3517 imperium,
423 3438 568 3500 iudiciale
591 3437 736 3514 officium,
760 3443 791 3500 et
804 3440 902 3500 omnis
914 3437 1106 3518 procedendi
1130 3436 1251 3511 modus,

57 3536 155 3620 veluti
192 3536 347 3616 quomodo
386 3538 527 3619 actiones
560 3539 779 3613 instituantur,
817 3539 1047 3618 perducantur,
1087 3537 1251 3612 finiantur,

57 3633 180 3698 caetera.

98 3738 129 3820 ξ.
142 3737 193 3801 33.
236 3738 512 3800 Adnumerandum
538 3739 676 3820 ,denique
700 3731 794 3802 hisce
817 3738 993 3818 disciplinis
1020 3737 1070 3800 ius
1090 3739 1253 3802 ecolesina-

56 3837 164 3914 ticum,
187 3829 279 3918 'quod
302 3845 430 3901 veteres
453 3841 502 3900 ius
526 3857 650 3902 sacrum
674 3839 791 3901 dicunt.
836 3838 902 3901 Hoc
925 3841 996 3901 iure
1024 3838 1171 3902 definitur
1195 3858 1252 3902 cc-

55 3937 161 4000 clesiae
182 3945 320 4020 potestas
346 3946 377 4002 et
399 3942 591 4017 constitutio,
618 3943 855 4023 magistratuum
880 3941 1167 4004 ecclesiasticorum
1190 3943 1251 4002 im-

54 4039 176 4118 perium
204 4043 235 4100 et
265 4041 460 4116 iurisdictio,
498 4045 661 4120 omnisque
688 4042 883 4104 hierarchiae
913 4047 1025 4118 status.
1070 4039 1249 4102 introducta

54 4143 128 4200 sunt
151 4132 211 4201 hoe
232 4141 302 4201 iure
322 4157 423 4216 sacra,
447 4142 586 4203 instituta
603 4148 718 4217 sancta,
742 4141 956 4204 ecclesiastica
979 4142 1092 4204 indicia
1108 4147 1139 4203 et
1158 4143 1249 4224 leges

53 4236 170 4330 adres
193 4240 330 4318 privatas
363 4241 569 4321 publicasque
599 4241 755 4323 religione
786 4241 1003 4304 moderandas.
1048 4242 1147 4322 Saepe
1170 4260 1250 4303 con-

52 4328 362 4431 iuncta'qessesolet
386 4341 638 4429 cumbaciurjs
661 4341 779 4424 publici
800 4339 888 4424 pa'rtc
902 4343 1106 4422 institutionis
1119 4341 1250 4421 publicae

52 4430 313 4519 ‘alssdisplinarum
336 4442 514 4523 artiumque
530 4428 855 4510 'liberaliumsumma
872 4460 959 4509 cura.
1048 4444 1050 4448 ’
1196 4427 1198 4430 ’
