2804 4966
488 325 569 363 uranu
580 326 611 366 rr.
630 326 697 365 rnna
708 326 728 364 ι.
748 328 846 369 annu.
1221 326 1274 381 103

70 458 195 539 acquiri
216 455 450 538 possessionem
463 451 490 540 1)
517 458 550 514 et
570 471 628 533 per
647 453 727 515 bene
740 458 972 535 possessionem
986 461 1076 521 etiem
1093 461 1272 543 dominium,

71 563 98 623 si
122 560 267 622 domiuus
288 557 358 632 fuit,
382 555 436 634 qui
459 553 596 630 tradidit,
619 553 671 615 vel
695 558 918 636 usucapionem
939 565 992 621 aut
1013 561 1100 645 tongi
1122 568 1272 645 temporis

70 659 351 744 praescriptionem,
372 656 399 718 si
420 655 563 718 dominus
584 673 648 717 non
674 654 742 717 suit.

29 806 36 827 .
112 764 143 845 ς.
157 759 232 824 366.
277 757 409 837 Semper
430 761 533 818 autem
557 756 750 835 acquirimus
769 774 828 837 per
850 775 924 833 eos,
948 761 1001 838 qui
1024 764 1171 840 potestati
1193 782 1271 827 nos-

71 870 127 924 trae
150 859 286 922 subiecti
308 861 391 934 suut,
412 860 527 918 ettam
548 873 606 936 per
627 856 746 919 liberos
768 874 860 937 quam
879 875 936 938 per
960 876 1085 923 servos.

111 966 143 1044 ς.
152 959 226 1024 367.
271 957 346 1021 Cum
369 958 457 1019 servi
476 958 576 1019 nostri
597 959 640 1019 nii
655 974 745 1018 suum
761 959 879 1021 habere
896 961 1029 1041 possint,
1054 960 1209 1042 quidquid
1232 980 1271 1025 ex

70 1063 239 1126 traditione
261 1061 497 1136 nanciscuntur,
520 1057 572 1120 rel
596 1057 717 1121 exalia
739 1060 985 1140 qualibetcausa
1008 1064 1186 1142 acquirunt,
1210 1062 1270 1125 hoc

70 1166 174 1227 statim
199 1160 290 1224 nobis
311 1166 345 1222 et
365 1158 584 1242 ignorantibus
614 1165 645 1221 et
667 1161 775 1222 invitis
797 1161 927 1223 obvenit
941 1163 988 1248 ²):
1020 1168 1052 1224 et
1074 1180 1137 1225 non
1166 1162 1269 1225 solum

71 1264 252 1339 dominium,
276 1276 387 1323 verum
408 1261 500 1323 etiam
521 1261 702 1340 possessio:
734 1261 817 1323 unde
842 1279 899 1343 per
921 1280 1034 1325 servos
1064 1269 1096 1325 et
1118 1264 1269 1343 usucapio

70 1366 122 1428 rel
143 1364 234 1448 longi
255 1363 405 1442 temporis
428 1361 590 1442 possessio
610 1362 701 1424 nobis
724 1362 868 1442 procedit
882 1365 922 1450 ³).

111 1465 172 1528 Per
191 1481 305 1527 servos
327 1461 578 1525 usufructuarios
602 1461 634 1524 id
650 1468 768 1525 tantum
781 1464 872 1525 nobis
894 1465 1079 1545 acquiritur,
1102 1463 1186 1543 quod
1208 1465 1269 1544 ipsi

69 1584 111 1629 ex
132 1584 170 1629 re
199 1570 307 1628 nostra
331 1563 384 1625 vel
415 1565 522 1643 operis
543 1564 610 1625 suis
640 1564 824 1642 acquirunt:
860 1564 945 1644 quod
968 1570 1056 1628 extre
1079 1565 1135 1626 bas
1159 1581 1270 1626 causas

69 1667 235 1731 consecuti
256 1669 341 1741 sunt,
363 1662 395 1726 id
417 1663 457 1727 66
478 1662 635 1725 dominum
656 1665 833 1742 proprietas
856 1664 1046 1752 pertinet4).
1090 1664 1175 1730 Idem
1198 1666 1271 1748 pla-

69 1772 121 1830 cet
142 1767 182 1830 de
205 1784 255 1843 eo,
273 1765 461 1847 quianobis
476 1761 629 1827 bonafide
646 1763 846 1843 possidetur:
871 1766 977 1844 itaque
997 1766 1081 1845 quod
1095 1785 1157 1829 non
1181 1786 1271 1831 exre

68 1874 177 1931 nostra
199 1871 253 1929 aut
273 1866 378 1947 operis
402 1866 468 1926 suis
491 1865 637 1945 acquirit,
660 1862 692 1925 id
715 1864 766 1925 vel
787 1863 826 1926 66
848 1866 949 1944 ipsum
970 1866 1117 1945 pertinet,
1141 1869 1168 1930 si
1191 1867 1270 1931 liber

70 1974 130 2046 est,
156 1966 209 2030 vel
234 1966 272 2030 66
294 1966 451 2029 domiuum
475 1965 556 2040 eius,
577 1967 604 2026 si
625 1980 740 2026 servus
765 1963 861 2045 esti).

113 2083 232 2169 §.ebe
276 2080 386 2147 Solent
408 2082 576 2163 aliquando
595 2081 712 2143 domiui
735 2081 838 2142 servis
861 2084 926 2144 suis
951 2081 1055 2162 aliqua
1085 2084 1166 2147 bona
1189 2104 1270 2148 con-

68 2184 205 2259 cedere,
230 2198 300 2262 666
322 2180 447 2262 peculia
471 2186 634 2242 vocantur.
688 2179 846 2242 Peculium
870 2180 984 2243 dietum
1008 2188 1073 2260 est,
1095 2185 1186 2264 quasi
1207 2203 1270 2266 pu-

69 2282 141 2346 silla
166 2283 299 2364 pecunia
332 2283 402 2343 sive
431 2281 650 2362 patrimonium
675 2279 824 2361 pusillum
836 2282 878 2367 6).
928 2281 1009 2344 lllud
1032 2284 1156 2347 Tubero
1179 2283 1269 2347 lCtus

67 2387 116 2448 sic
136 2383 261 2447 delinit:
295 2382 380 2473 6666
402 2382 515 2444 servus
538 2382 654 2443 domini
677 2383 833 2462 permissu
855 2389 1032 2462 separatum
1056 2403 1072 2444 a
1095 2386 1269 2447 rationibus

63 2485 235 2561 dominicis
257 2484 367 2560 babet,
401 2483 536 2547 deducto
561 2481 647 2559 inde,
675 2485 702 2544 si
727 2483 803 2563 quid
827 2483 952 2547 domino
977 2484 1111 2546 debetur
1124 2485 1160 2568 ⁷).
1205 2486 1270 2547 Nec

66 2586 187 2670 peculii
210 2590 270 2661 est,
294 2584 384 2646 cuius
411 2600 525 2645 servus
549 2584 681 2645 seorsim
698 2603 714 2644 a
731 2584 1019 2647 deminorationem
1032 2585 1189 2662 babuerit,
1212 2587 1269 2648 sed

66 2687 152 2770 quod
174 2686 320 2749 dominus
342 2687 411 2766 ipse
440 2685 618 2765 separavit:
652 2703 721 2747 nam
753 2686 804 2747 vel
829 2692 927 2748 toturn
950 2687 1107 2766 peculium
1130 2687 1269 2748 adimere

66 2791 215 2854 dominus
237 2792 360 2867 potest,
392 2785 445 2849 vel
468 2803 597 2869 augere,
621 2786 673 2849 vel
692 2788 833 2849 minuere
842 2787 882 2874 8).
926 2788 1037 2850 Solent
1058 2789 1144 2849 servi
1167 2806 1269 2869 pecu-

66 2892 182 2955 liorum
215 2904 342 2949 suorum
370 2886 669 2950 administrationem
702 2887 840 2964 babere,
875 2886 974 2949 libera
1004 2905 1081 2951 vero
1112 2887 1268 2951 alienandi

66 2990 215 3074 potestati
238 3008 310 3054 uon·
325 2996 454 3053 utuntur
469 2989 507 3077 9).

108 3096 139 3176 §-
154 3092 227 3157 369.
272 3092 455 3172 Antiquitus
470 3091 552 3173 apud
565 3090 720 3154 Romanos
734 3092 826 3154 etiam
848 3091 1089 3154 filiifamiliarum
1112 3092 1155 3154 nii
1178 3109 1268 3152 suurn

69 3193 266 3270 babuerunt,
289 3210 359 3256 eum
378 3211 469 3255 nemo
493 3192 597 3254 alieno
618 3194 679 3255 iuri
708 3193 872 3254 subiectus
906 3193 1124 3273 patrimonium
1147 3192 1265 3254 hebere

67 3301 179 3377 posset
187 3313 196 3370 ;
220 3294 306 3356 unde
329 3300 362 3357 et
382 3296 494 3370 omnia,
514 3310 584 3373 quae
607 3293 699 3355 liberi
721 3294 778 3355 sub
793 3298 949 3374 potestate
972 3295 1132 3355 constituti
1156 3296 1267 3374 acqui-

66 3402 189 3472 rerent,
209 3397 279 3476 ipso
301 3397 372 3457 iure
393 3401 517 3476 patrum
540 3394 717 3480 bebant10).
762 3394 822 3456 Sed
846 3399 964 3475 patres,
987 3393 1097 3455 liberis
1120 3394 1197 3470 suis,
1221 3395 1265 3454 uti

65 3497 184 3561 domini
206 3498 321 3572 servis,
343 3495 501 3576 peculium
513 3496 677 3557 admittere
699 3494 854 3570 solebant,
877 3495 909 3554 in
931 3511 994 3574 quo
1019 3494 1266 3556 administratio-

65 3614 138 3660 nem
160 3601 192 3657 et
216 3595 349 3657 fructum
369 3595 542 3658 habebant:
568 3594 713 3675 quamdiu
733 3594 764 3656 id
787 3599 894 3675 patres
915 3611 977 3656 nou
1001 3593 1185 3657 adimerent.

104 3853 133 3921 1)
153 3852 198 3905 Ex
214 3859 297 3908 oonet.
319 3852 439 3923 Septimii
458 3853 561 3908 Severi:
591 3855 652 3908 Gaii
672 3858 836 3925 temporibus
856 3856 890 3908 66
908 3873 941 3909 66
962 3858 1096 3926 quaesitum
1120 3862 1185 3908 eret.
1213 3857 1265 3908 Cir.

65 3925 127 3981 oet
146 3925 174 3978 2.
192 3924 215 3985 6.
234 3923 438 3992 tib-fragment.
456 3928 569 3978 mutilet.

101 3997 131 4063 2)
152 3997 177 4058 ἓ.
195 3995 221 4048 3.
240 3998 262 4049 1.
281 3999 309 4048 h.
327 4002 345 4048 t.
367 3998 426 4049 Gai.
445 3998 469 4050 2.
490 3998 513 4059 5.
532 3995 575 4050 87.
680 3993 708 4061 3)
727 3996 751 4056 §-
770 3995 794 4048 3.
816 3998 859 4048 66.
881 4000 940 4052 Gai.
961 4001 985 4052 2.
1003 4001 1026 4060 6.
1044 3998 1087 4050 89.

100 4065 132 4134 4)
150 4069 174 4129 6.
191 4066 260 4140 4.,1.
279 4069 321 4121 66.
342 4068 400 4122 oet
419 4069 443 4120 2.
463 4069 487 4130 §-
506 4070 549 4123 91.
650 4065 676 4133 5)
698 4068 721 4127 ἓ.
741 4067 766 4120 4.
787 4071 807 4118 Ι.
825 4070 867 4120 66.
887 4070 945 4122 Gai.
964 4076 988 4124 2.
1009 4070 1031 4130 5.
1049 4069 1091 4123 92.
1112 4067 1154 4120 93.

100 4138 130 4206 6)
148 4139 257 4207 Ulp.in
277 4142 309 4192 ir.
326 4139 351 4192 5.
371 4139 395 4200 §-
412 4139 438 4194 3.
457 4144 490 4193 D.
511 4139 586 4204 15,1
610 4139 656 4206 (66
674 4136 799 4207 peculio).

99 4207 475 4277 Umbennum

99 4279 129 4347 8)
147 4284 191 4334 Fr.
208 4280 234 4333 4
252 4298 291 4349 pr.
310 4284 343 4334 D.
362 4284 422 4336 eod.
441 4284 494 4336 Gir.
516 4288 542 4335 et
560 4285 591 4334 fr.
609 4278 634 4332 7.
656 4281 678 4340 §.
700 4279 725 4332 4.
744 4284 774 4334 fr.
794 4281 819 4333 8.
838 4285 868 4335 fr.
890 4282 933 4337 49.
952 4300 991 4349 pr.
1009 4284 1042 4332 D.
1063 4281 1124 4332 eod.

100 4351 130 4418 9)
150 4354 214 4420 Arg.
231 4355 263 4405 ir.
282 4351 326 4405 20.
344 4355 377 4406 D.
398 4354 440 4417 12,
455 4356 471 4408 2
489 4353 535 4421 (66
552 4350 746 4419 iureiurando).
764 4357 795 4406 fr.
812 4352 855 4406 43.
874 4353 917 4408 48.
934 4371 972 4420 pr.
993 4355 1026 4404 D.
1045 4353 1071 4402 b.
1090 4356 1109 4402 t.
1132 4347 1186 4417 (15,
1206 4345 1243 4414 1).

83 4421 132 4489 10)
152 4424 213 4479 oei.
231 4424 257 4479 2.
275 4424 298 4485 §-
317 4422 360 4479 87.
379 4424 440 4494 Uip.
458 4426 531 4477 XIX.
551 4425 585 4477 18
604 4421 648 4491 (66
669 4425 739 4476 dom.
758 4426 840 4492 adqu.
861 4424 974 4490 rerum).
989 4422 1011 4483 6.
1021 4424 1045 4475 1.
1064 4426 1085 4473 1.
1095 4420 1151 4485 2,9
1171 4419 1259 4487 (bt).

62 4494 97 4548 fr.
118 4490 164 4549 10.
182 4513 222 4564 pr.
239 4496 273 4548 D.
293 4492 371 4560 41‚1
393 4495 588 4565 (decerptor.
613 4493 705 4559 dom).
788 4548 798 4566 ι
