<?xml version="1.0" encoding="UTF-8"?>
<!DOCTYPE html PUBLIC "-//W3C//DTD XHTML 1.0 Transitional//EN"
    "http://www.w3.org/TR/xhtml1/DTD/xhtml1-transitional.dtd">
<html xmlns="http://www.w3.org/1999/xhtml" xml:lang="en" lang="en">
 <head>
  <title>
</title>
<meta http-equiv="Content-Type" content="text/html;charset=utf-8" />
  <meta name='ocr-system' content='tesseract 3.04.00' />
  <meta name='ocr-capabilities' content='ocr_page ocr_carea ocr_par ocr_line ocrx_word'/>
</head>
<body>
  <div class='ocr_page' id='page_1' title='image "./institutionesiu00warngoog_0144.png"; bbox 0 0 2798 4972; ppageno 0'>
   <div class='ocr_carea' id='block_1_1' title="bbox 465 309 1261 367">
    <p class='ocr_par' dir='ltr' id='par_1_1' title="bbox 465 309 1261 367">
     <span class='ocr_line' id='line_1_1' title="bbox 465 309 1261 367; baseline 0.006 -6"><span class='ocrx_word' id='word_1_1' title='bbox 465 325 545 361; x_wconf 82' lang='lat' dir='ltr'>uren</span> <span class='ocrx_word' id='word_1_2' title='bbox 565 324 594 361; x_wconf 88' lang='lat' dir='ltr'>u.</span> <span class='ocrx_word' id='word_1_3' title='bbox 615 323 682 361; x_wconf 77' lang='lat' dir='ltr'>enee</span> <span class='ocrx_word' id='word_1_4' title='bbox 704 323 721 358; x_wconf 88' lang='lat' dir='ltr'>r.</span> <span class='ocrx_word' id='word_1_5' title='bbox 741 321 799 361; x_wconf 77' lang='lat' dir='ltr'>eur.</span> <span class='ocrx_word' id='word_1_6' title='bbox 820 321 858 359; x_wconf 79' lang='grc' dir='ltr'>ιν.</span> <span class='ocrx_word' id='word_1_7' title='bbox 1207 309 1261 367; x_wconf 80' lang='grc'>127</span> 
     </span>
    </p>
   </div>
   <div class='ocr_carea' id='block_1_2' title="bbox 53 451 1315 1842">
    <p class='ocr_par' dir='ltr' id='par_1_2' title="bbox 53 451 1315 1842">
     <span class='ocr_line' id='line_1_2' title="bbox 53 451 1261 536; baseline -0.005 -14"><span class='ocrx_word' id='word_1_8' title='bbox 53 457 190 522; x_wconf 75' lang='lat' dir='ltr'><strong>facultas</strong></span> <span class='ocrx_word' id='word_1_9' title='bbox 217 457 320 521; x_wconf 88' lang='lat' dir='ltr'>&#39;alicui</span> <span class='ocrx_word' id='word_1_10' title='bbox 351 455 545 520; x_wconf 76' lang='lat' dir='ltr'>conceditur.</span> <span class='ocrx_word' id='word_1_11' title='bbox 590 454 741 518; x_wconf 88' lang='lat' dir='ltr'>Praedium</span> <span class='ocrx_word' id='word_1_12' title='bbox 771 451 1035 533; x_wconf 90' lang='lat' dir='ltr'>emphyteuticum</span> <span class='ocrx_word' id='word_1_13' title='bbox 1066 470 1170 533; x_wconf 87' lang='lat' dir='ltr'>neque</span> <span class='ocrx_word' id='word_1_14' title='bbox 1200 455 1261 536; x_wconf 79' lang='lat' dir='ltr'>ipsi</span> 
     </span>
     <span class='ocr_line' id='line_1_3' title="bbox 55 552 1260 635; baseline -0.001 -17"><span class='ocrx_word' id='word_1_15' title='bbox 55 555 256 632; x_wconf 92' lang='lat' dir='ltr'>conductori,</span> <span class='ocrx_word' id='word_1_16' title='bbox 280 572 384 635; x_wconf 89' lang='lat' dir='ltr'>neque</span> <span class='ocrx_word' id='word_1_17' title='bbox 406 553 515 616; x_wconf 91' lang='lat' dir='ltr'>heredi</span> <span class='ocrx_word' id='word_1_18' title='bbox 533 555 613 629; x_wconf 90' lang='lat' dir='ltr'>eius,</span> <span class='ocrx_word' id='word_1_19' title='bbox 637 570 741 632; x_wconf 89' lang='lat' dir='ltr'>neque</span> <span class='ocrx_word' id='word_1_20' title='bbox 762 553 803 626; x_wconf 91' lang='lat' dir='ltr'>ei,</span> <span class='ocrx_word' id='word_1_21' title='bbox 829 553 879 613; x_wconf 91' lang='lat' dir='ltr'>cui</span> <span class='ocrx_word' id='word_1_22' title='bbox 906 552 1079 615; x_wconf 90' lang='lat' dir='ltr'>conductor</span> <span class='ocrx_word' id='word_1_23' title='bbox 1089 555 1141 616; x_wconf 87' lang='lat' dir='ltr'>vel</span> <span class='ocrx_word' id='word_1_24' title='bbox 1165 554 1260 617; x_wconf 91' lang='lat' dir='ltr'>heres</span> 
     </span>
     <span class='ocr_line' id='line_1_4' title="bbox 56 652 1262 736; baseline -0.003 -15"><span class='ocrx_word' id='word_1_25' title='bbox 56 661 127 721; x_wconf 90' lang='lat' dir='ltr'>eius</span> <span class='ocrx_word' id='word_1_26' title='bbox 148 657 229 719; x_wconf 90' lang='lat' dir='ltr'>illud</span> <span class='ocrx_word' id='word_1_27' title='bbox 247 655 493 731; x_wconf 75' lang='lat' dir='ltr'>abalienaverit,</span> <span class='ocrx_word' id='word_1_28' title='bbox 524 654 643 716; x_wconf 79' lang='lat' dir='ltr'>auferri</span> <span class='ocrx_word' id='word_1_29' title='bbox 662 657 785 733; x_wconf 91' lang='lat' dir='ltr'>potest,</span> <span class='ocrx_word' id='word_1_30' title='bbox 817 652 964 732; x_wconf 87' lang='lat' dir='ltr'>quamdiu</span> <span class='ocrx_word' id='word_1_31' title='bbox 987 653 1125 736; x_wconf 86' lang='lat' dir='ltr'>vectigal</span> <span class='ocrx_word' id='word_1_32' title='bbox 1147 655 1262 735; x_wconf 91' lang='lat' dir='ltr'>pendi-</span> 
     </span>
     <span class='ocr_line' id='line_1_5' title="bbox 57 753 1261 846; baseline -0.004 -25"><span class='ocrx_word' id='word_1_33' title='bbox 57 764 111 821; x_wconf 89' lang='lat' dir='ltr'>tur</span> <span class='ocrx_word' id='word_1_34' title='bbox 123 758 161 846; x_wconf 89' lang='grc'>1).</span> <span class='ocrx_word' id='word_1_35' title='bbox 210 758 319 821; x_wconf 90' lang='lat' dir='ltr'>Potest</span> <span class='ocrx_word' id='word_1_36' title='bbox 347 757 547 838; x_wconf 89' lang='lat' dir='ltr'>emphyteuta</span> <span class='ocrx_word' id='word_1_37' title='bbox 580 753 696 817; x_wconf 93' lang='lat' dir='ltr'>domini</span> <span class='ocrx_word' id='word_1_38' title='bbox 730 753 768 816; x_wconf 91' lang='lat' dir='ltr'>ad</span> <span class='ocrx_word' id='word_1_39' title='bbox 800 755 898 815; x_wconf 86' lang='lat' dir='ltr'>instar</span> <span class='ocrx_word' id='word_1_40' title='bbox 929 771 1040 836; x_wconf 91' lang='lat' dir='ltr'>agrum</span> <span class='ocrx_word' id='word_1_41' title='bbox 1072 756 1261 838; x_wconf 89' lang='lat' dir='ltr'>vectigalem</span> 
     </span>
     <span class='ocr_line' id='line_1_6' title="bbox 57 855 1263 942; baseline -0.002 -21"><span class='ocrx_word' id='word_1_42' title='bbox 57 860 173 939; x_wconf 86' lang='lat' dir='ltr'>quovis</span> <span class='ocrx_word' id='word_1_43' title='bbox 197 858 302 934; x_wconf 91' lang='lat' dir='ltr'>modo,</span> <span class='ocrx_word' id='word_1_44' title='bbox 326 862 385 920; x_wconf 87' lang='lat' dir='ltr'>tam</span> <span class='ocrx_word' id='word_1_45' title='bbox 406 859 489 922; x_wconf 90' lang='lat' dir='ltr'>inter</span> <span class='ocrx_word' id='word_1_46' title='bbox 511 859 602 918; x_wconf 90' lang='lat' dir='ltr'>vivos</span> <span class='ocrx_word' id='word_1_47' title='bbox 624 874 715 936; x_wconf 90' lang='lat' dir='ltr'>quam</span> <span class='ocrx_word' id='word_1_48' title='bbox 737 858 846 918; x_wconf 89' lang='lat' dir='ltr'>mortis</span> <span class='ocrx_word' id='word_1_49' title='bbox 867 873 972 931; x_wconf 90' lang='lat' dir='ltr'>causa,</span> <span class='ocrx_word' id='word_1_50' title='bbox 996 855 1135 918; x_wconf 90' lang='lat' dir='ltr'>alienare</span> <span class='ocrx_word' id='word_1_51' title='bbox 1149 856 1196 942; x_wconf 77' lang='lat'>²):</span> <span class='ocrx_word' id='word_1_52' title='bbox 1220 858 1263 920; x_wconf 92' lang='lat' dir='ltr'>ita</span> 
     </span>
     <span class='ocr_line' id='line_1_7' title="bbox 56 955 1263 1037; baseline -0.004 -14"><span class='ocrx_word' id='word_1_53' title='bbox 56 967 174 1037; x_wconf 89' lang='lat' dir='ltr'>tamen,</span> <span class='ocrx_word' id='word_1_54' title='bbox 200 965 234 1021; x_wconf 91' lang='lat' dir='ltr'>ut</span> <span class='ocrx_word' id='word_1_55' title='bbox 257 961 284 1021; x_wconf 91' lang='lat' dir='ltr'>si</span> <span class='ocrx_word' id='word_1_56' title='bbox 306 958 447 1022; x_wconf 83' lang='lat' dir='ltr'>vendere</span> <span class='ocrx_word' id='word_1_57' title='bbox 470 958 598 1020; x_wconf 90' lang='lat' dir='ltr'>fundum</span> <span class='ocrx_word' id='word_1_58' title='bbox 614 957 700 1034; x_wconf 89' lang='lat' dir='ltr'>velit,</span> <span class='ocrx_word' id='word_1_59' title='bbox 727 975 797 1019; x_wconf 89' lang='lat' dir='ltr'>eum</span> <span class='ocrx_word' id='word_1_60' title='bbox 819 959 908 1037; x_wconf 86' lang='lat' dir='ltr'>prius</span> <span class='ocrx_word' id='word_1_61' title='bbox 929 957 989 1036; x_wconf 90' lang='lat' dir='ltr'>ipsi</span> <span class='ocrx_word' id='word_1_62' title='bbox 1011 955 1135 1019; x_wconf 92' lang='lat' dir='ltr'>domino</span> <span class='ocrx_word' id='word_1_63' title='bbox 1152 975 1263 1019; x_wconf 91' lang='lat' dir='ltr'>emen-</span> 
     </span>
     <span class='ocr_line' id='line_1_8' title="bbox 57 1057 1263 1141; baseline -0.005 -17"><span class='ocrx_word' id='word_1_64' title='bbox 57 1061 132 1125; x_wconf 91' lang='lat' dir='ltr'>dum</span> <span class='ocrx_word' id='word_1_65' title='bbox 157 1058 279 1136; x_wconf 88' lang='lat' dir='ltr'>ollerat,</span> <span class='ocrx_word' id='word_1_66' title='bbox 302 1063 356 1140; x_wconf 85' lang='lat' dir='ltr'>qui</span> <span class='ocrx_word' id='word_1_67' title='bbox 378 1059 594 1141; x_wconf 82' lang='lat' dir='ltr'>praeferendus</span> <span class='ocrx_word' id='word_1_68' title='bbox 617 1065 676 1135; x_wconf 90' lang='lat' dir='ltr'>est,</span> <span class='ocrx_word' id='word_1_69' title='bbox 702 1059 729 1121; x_wconf 93' lang='lat' dir='ltr'>si</span> <span class='ocrx_word' id='word_1_70' title='bbox 764 1058 943 1121; x_wconf 75' lang='lat' dir='ltr'>tantundem</span> <span class='ocrx_word' id='word_1_71' title='bbox 967 1058 1048 1120; x_wconf 87' lang='lat' dir='ltr'>intra</span> <span class='ocrx_word' id='word_1_72' title='bbox 1072 1057 1151 1120; x_wconf 89' lang='lat' dir='ltr'>duos</span> <span class='ocrx_word' id='word_1_73' title='bbox 1172 1076 1263 1120; x_wconf 91' lang='lat' dir='ltr'>men-</span> 
     </span>
     <span class='ocr_line' id='line_1_9' title="bbox 56 1154 1263 1245; baseline -0.002 -21"><span class='ocrx_word' id='word_1_74' title='bbox 56 1178 110 1224; x_wconf 89' lang='lat' dir='ltr'>ses</span> <span class='ocrx_word' id='word_1_75' title='bbox 132 1160 209 1223; x_wconf 92' lang='lat' dir='ltr'>dare</span> <span class='ocrx_word' id='word_1_76' title='bbox 232 1161 388 1238; x_wconf 88' lang='lat' dir='ltr'>maluerit,</span> <span class='ocrx_word' id='word_1_77' title='bbox 413 1166 561 1241; x_wconf 85' lang='lat' dir='ltr'>quantum</span> <span class='ocrx_word' id='word_1_78' title='bbox 589 1159 671 1221; x_wconf 91' lang='lat' dir='ltr'>alius</span> <span class='ocrx_word' id='word_1_79' title='bbox 696 1159 847 1222; x_wconf 87' lang='lat' dir='ltr'>obtulerit</span> <span class='ocrx_word' id='word_1_80' title='bbox 859 1159 899 1245; x_wconf 81' lang='lat'>³).</span> <span class='ocrx_word' id='word_1_81' title='bbox 952 1157 1044 1220; x_wconf 90' lang='lat' dir='ltr'>Facta</span> <span class='ocrx_word' id='word_1_82' title='bbox 1074 1154 1263 1222; x_wconf 86' lang='lat' dir='ltr'>alienatione</span> 
     </span>
     <span class='ocr_line' id='line_1_10' title="bbox 57 1258 1262 1344; baseline -0.004 -19"><span class='ocrx_word' id='word_1_83' title='bbox 57 1263 323 1344; x_wconf 87' lang='lat' dir='ltr'>quinquagesima</span> <span class='ocrx_word' id='word_1_84' title='bbox 338 1261 432 1340; x_wconf 91' lang='lat' dir='ltr'>pretii</span> <span class='ocrx_word' id='word_1_85' title='bbox 455 1259 508 1321; x_wconf 91' lang='lat' dir='ltr'>vel</span> <span class='ocrx_word' id='word_1_86' title='bbox 524 1260 738 1322; x_wconf 76' lang='lat' dir='ltr'>estimationis</span> <span class='ocrx_word' id='word_1_87' title='bbox 754 1275 828 1339; x_wconf 90' lang='lat' dir='ltr'>pars</span> <span class='ocrx_word' id='word_1_88' title='bbox 841 1258 966 1321; x_wconf 91' lang='lat' dir='ltr'>domino</span> <span class='ocrx_word' id='word_1_89' title='bbox 978 1258 1153 1338; x_wconf 76' lang='lat' dir='ltr'>prestanda</span> <span class='ocrx_word' id='word_1_90' title='bbox 1170 1259 1262 1344; x_wconf 59' lang='lat' dir='ltr'>este).</span> 
     </span>
     <span class='ocr_line' id='line_1_11' title="bbox 58 1358 1262 1442; baseline -0.004 -16"><span class='ocrx_word' id='word_1_91' title='bbox 58 1364 136 1426; x_wconf 89' lang='lat' dir='ltr'>ltem</span> <span class='ocrx_word' id='word_1_92' title='bbox 160 1368 192 1424; x_wconf 92' lang='lat' dir='ltr'>et</span> <span class='ocrx_word' id='word_1_93' title='bbox 212 1361 385 1424; x_wconf 84' lang='lat' dir='ltr'>servitutes</span> <span class='ocrx_word' id='word_1_94' title='bbox 410 1360 442 1421; x_wconf 92' lang='lat' dir='ltr'>in</span> <span class='ocrx_word' id='word_1_95' title='bbox 466 1358 562 1421; x_wconf 83' lang='lat' dir='ltr'>fundo</span> <span class='ocrx_word' id='word_1_96' title='bbox 584 1362 778 1421; x_wconf 90' lang='lat' dir='ltr'>constituere</span> <span class='ocrx_word' id='word_1_97' title='bbox 800 1364 904 1438; x_wconf 87' lang='lat' dir='ltr'>potest</span> <span class='ocrx_word' id='word_1_98' title='bbox 928 1359 1128 1440; x_wconf 83' lang='lat' dir='ltr'>emphyteuta</span> <span class='ocrx_word' id='word_1_99' title='bbox 1143 1361 1262 1442; x_wconf 87' lang='lat' dir='ltr'>etpig-</span> 
     </span>
     <span class='ocr_line' id='line_1_12' title="bbox 57 1458 1262 1541; baseline -0.002 -16"><span class='ocrx_word' id='word_1_100' title='bbox 57 1463 191 1526; x_wconf 90' lang='lat' dir='ltr'>noribus</span> <span class='ocrx_word' id='word_1_101' title='bbox 215 1478 286 1523; x_wconf 91' lang='lat' dir='ltr'>eum</span> <span class='ocrx_word' id='word_1_102' title='bbox 311 1476 464 1522; x_wconf 88' lang='lat' dir='ltr'>onerare:</span> <span class='ocrx_word' id='word_1_103' title='bbox 487 1475 556 1538; x_wconf 87' lang='lat' dir='ltr'>quae</span> <span class='ocrx_word' id='word_1_104' title='bbox 577 1458 644 1521; x_wconf 91' lang='lat' dir='ltr'>iura</span> <span class='ocrx_word' id='word_1_105' title='bbox 666 1477 756 1534; x_wconf 89' lang='lat' dir='ltr'>vero,</span> <span class='ocrx_word' id='word_1_106' title='bbox 778 1460 917 1521; x_wconf 87' lang='lat' dir='ltr'>rescisso</span> <span class='ocrx_word' id='word_1_107' title='bbox 929 1460 999 1521; x_wconf 90' lang='lat' dir='ltr'>iure</span> <span class='ocrx_word' id='word_1_108' title='bbox 1015 1459 1262 1541; x_wconf 90' lang='lat' dir='ltr'>emphyteutico,</span> 
     </span>
     <span class='ocr_line' id='line_1_13' title="bbox 57 1556 1315 1646; baseline -0.004 -19"><span class='ocrx_word' id='word_1_109' title='bbox 57 1565 179 1644; x_wconf 89' lang='lat' dir='ltr'>etipsa</span> <span class='ocrx_word' id='word_1_110' title='bbox 203 1559 477 1646; x_wconf 75' lang='lat' dir='ltr'>rescindunturl).</span> <span class='ocrx_word' id='word_1_111' title='bbox 533 1557 678 1637; x_wconf 82' lang='lat' dir='ltr'>Denique</span> <span class='ocrx_word' id='word_1_112' title='bbox 704 1562 736 1620; x_wconf 89' lang='lat' dir='ltr'>et</span> <span class='ocrx_word' id='word_1_113' title='bbox 765 1557 894 1621; x_wconf 85' lang='lat' dir='ltr'>sormam</span> <span class='ocrx_word' id='word_1_114' title='bbox 926 1558 1035 1639; x_wconf 88' lang='lat' dir='ltr'>praedii</span> <span class='ocrx_word' id='word_1_115' title='bbox 1060 1565 1179 1622; x_wconf 84' lang='lat' dir='ltr'>mutare</span> <span class='ocrx_word' id='word_1_116' title='bbox 1202 1578 1265 1640; x_wconf 87' lang='lat' dir='ltr'>po·</span> <span class='ocrx_word' id='word_1_117' title='bbox 1312 1556 1315 1560; x_wconf 73' lang='grc'><strong>’</strong></span> 
     </span>
     <span class='ocr_line' id='line_1_14' title="bbox 58 1658 1263 1746; baseline -0.003 -20"><span class='ocrx_word' id='word_1_118' title='bbox 58 1671 133 1742; x_wconf 89' lang='lat' dir='ltr'>test,</span> <span class='ocrx_word' id='word_1_119' title='bbox 158 1659 325 1726; x_wconf 92' lang='lat' dir='ltr'>dummodo</span> <span class='ocrx_word' id='word_1_120' title='bbox 348 1658 427 1722; x_wconf 93' lang='lat' dir='ltr'>illud</span> <span class='ocrx_word' id='word_1_121' title='bbox 451 1658 593 1721; x_wconf 88' lang='lat' dir='ltr'>deterius</span> <span class='ocrx_word' id='word_1_122' title='bbox 616 1678 678 1722; x_wconf 94' lang='lat' dir='ltr'>non</span> <span class='ocrx_word' id='word_1_123' title='bbox 701 1658 844 1746; x_wconf 69' lang='lat' dir='ltr'>saciati).</span> <span class='ocrx_word' id='word_1_124' title='bbox 871 1660 932 1724; x_wconf 88' lang='lat' dir='ltr'>Sed</span> <span class='ocrx_word' id='word_1_125' title='bbox 957 1660 1159 1741; x_wconf 83' lang='lat' dir='ltr'>emphyteuta</span> <span class='ocrx_word' id='word_1_126' title='bbox 1182 1679 1263 1741; x_wconf 92' lang='lat' dir='ltr'>pen-</span> 
     </span>
     <span class='ocr_line' id='line_1_15' title="bbox 57 1758 1264 1842; baseline -0.006 -12"><span class='ocrx_word' id='word_1_127' title='bbox 57 1768 181 1831; x_wconf 88' lang='lat' dir='ltr'>sionem</span> <span class='ocrx_word' id='word_1_128' title='bbox 202 1764 286 1824; x_wconf 91' lang='lat' dir='ltr'>iusto</span> <span class='ocrx_word' id='word_1_129' title='bbox 308 1765 450 1840; x_wconf 90' lang='lat' dir='ltr'>tempore</span> <span class='ocrx_word' id='word_1_130' title='bbox 472 1759 591 1821; x_wconf 82' lang='lat' dir='ltr'>inferre</span> <span class='ocrx_word' id='word_1_131' title='bbox 617 1758 726 1835; x_wconf 91' lang='lat' dir='ltr'>debet,</span> <span class='ocrx_word' id='word_1_132' title='bbox 747 1778 807 1821; x_wconf 89' lang='lat' dir='ltr'>neo</span> <span class='ocrx_word' id='word_1_133' title='bbox 828 1765 957 1842; x_wconf 89' lang='lat' dir='ltr'>propter</span> <span class='ocrx_word' id='word_1_134' title='bbox 980 1760 1042 1822; x_wconf 92' lang='lat' dir='ltr'>loci</span> <span class='ocrx_word' id='word_1_135' title='bbox 1066 1759 1264 1823; x_wconf 82' lang='lat' dir='ltr'>sterilitatem</span> 
     </span>
    </p>
   </div>
   <div class='ocr_carea' id='block_1_3' title="bbox 58 1861 1364 1942">
    <p class='ocr_par' dir='ltr' id='par_1_3' title="bbox 58 1861 1364 1942">
     <span class='ocr_line' id='line_1_16' title="bbox 58 1861 1364 1942; baseline 0 -13"><span class='ocrx_word' id='word_1_136' title='bbox 58 1871 114 1929; x_wconf 93' lang='lat' dir='ltr'>aut</span> <span class='ocrx_word' id='word_1_137' title='bbox 134 1865 272 1928; x_wconf 92' lang='lat' dir='ltr'>hostium</span> <span class='ocrx_word' id='word_1_138' title='bbox 295 1862 516 1937; x_wconf 84' lang='lat' dir='ltr'>incursionem,</span> <span class='ocrx_word' id='word_1_139' title='bbox 541 1861 760 1923; x_wconf 90' lang='lat' dir='ltr'>remissionem</span> <span class='ocrx_word' id='word_1_140' title='bbox 782 1862 952 1942; x_wconf 88' lang='lat' dir='ltr'>impetrare</span> <span class='ocrx_word' id='word_1_141' title='bbox 975 1867 1095 1941; x_wconf 90' lang='lat' dir='ltr'>potest;</span> <span class='ocrx_word' id='word_1_142' title='bbox 1128 1862 1265 1942; x_wconf 88' lang='lat' dir='ltr'>denique</span> <span class='ocrx_word' id='word_1_143' title='bbox 1352 1918 1364 1929; x_wconf 80' lang='grc'><strong>.</strong></span> 
     </span>
    </p>
   </div>
   <div class='ocr_carea' id='block_1_4' title="bbox 57 1961 1334 3058">
    <p class='ocr_par' dir='ltr' id='par_1_4' title="bbox 58 1961 1266 2150">
     <span class='ocr_line' id='line_1_17' title="bbox 60 1961 1266 2046; baseline -0.002 -18"><span class='ocrx_word' id='word_1_144' title='bbox 60 1967 179 2029; x_wconf 93' lang='lat' dir='ltr'>tributa</span> <span class='ocrx_word' id='word_1_145' title='bbox 202 1980 379 2046; x_wconf 83' lang='lat' dir='ltr'>agnoscere</span> <span class='ocrx_word' id='word_1_146' title='bbox 403 1967 435 2024; x_wconf 90' lang='lat' dir='ltr'>et</span> <span class='ocrx_word' id='word_1_147' title='bbox 455 1961 606 2042; x_wconf 77' lang='lat' dir='ltr'>predium</span> <span class='ocrx_word' id='word_1_148' title='bbox 630 1961 704 2024; x_wconf 94' lang='lat' dir='ltr'>boni</span> <span class='ocrx_word' id='word_1_149' title='bbox 727 1961 960 2042; x_wconf 78' lang='lat' dir='ltr'>patrisfamilias</span> <span class='ocrx_word' id='word_1_150' title='bbox 985 1961 1148 2044; x_wconf 87' lang='lat' dir='ltr'>diligentia</span> <span class='ocrx_word' id='word_1_151' title='bbox 1171 1964 1266 2025; x_wconf 93' lang='lat' dir='ltr'>adhi-</span> 
     </span>
     <span class='ocr_line' id='line_1_18' title="bbox 58 2062 1264 2150; baseline -0.004 -20"><span class='ocrx_word' id='word_1_152' title='bbox 58 2069 122 2130; x_wconf 89' lang='lat' dir='ltr'>bita</span> <span class='ocrx_word' id='word_1_153' title='bbox 145 2065 254 2129; x_wconf 89' lang='lat' dir='ltr'>colere</span> <span class='ocrx_word' id='word_1_154' title='bbox 277 2062 387 2139; x_wconf 91' lang='lat' dir='ltr'>debet;</span> <span class='ocrx_word' id='word_1_155' title='bbox 411 2080 481 2143; x_wconf 83' lang='lat' dir='ltr'>quae</span> <span class='ocrx_word' id='word_1_156' title='bbox 505 2065 532 2124; x_wconf 92' lang='lat' dir='ltr'>si</span> <span class='ocrx_word' id='word_1_157' title='bbox 555 2063 744 2145; x_wconf 84' lang='lat' dir='ltr'>neglexerit,</span> <span class='ocrx_word' id='word_1_158' title='bbox 768 2083 783 2124; x_wconf 86' lang='lat' dir='ltr'>a</span> <span class='ocrx_word' id='word_1_159' title='bbox 811 2062 936 2125; x_wconf 91' lang='lat' dir='ltr'>domino</span> <span class='ocrx_word' id='word_1_160' title='bbox 965 2063 1081 2143; x_wconf 85' lang='lat' dir='ltr'>expelli</span> <span class='ocrx_word' id='word_1_161' title='bbox 1106 2068 1211 2145; x_wconf 91' lang='lat' dir='ltr'>potest</span> <span class='ocrx_word' id='word_1_162' title='bbox 1226 2063 1264 2150; x_wconf 81' lang='lat'>⁷).</span> 
     </span>
    </p>

    <p class='ocr_par' dir='ltr' id='par_1_5' title="bbox 59 2162 1266 2453">
     <span class='ocr_line' id='line_1_19' title="bbox 100 2162 1266 2250; baseline -0.003 -21"><span class='ocrx_word' id='word_1_163' title='bbox 100 2170 133 2250; x_wconf 64' lang='grc' dir='ltr'>ξ.</span> <span class='ocrx_word' id='word_1_164' title='bbox 144 2165 219 2231; x_wconf 89' lang='grc'><strong>446.</strong></span> <span class='ocrx_word' id='word_1_165' title='bbox 264 2162 531 2225; x_wconf 86' lang='lat' dir='ltr'>Constituitu1·ius</span> <span class='ocrx_word' id='word_1_166' title='bbox 545 2163 812 2245; x_wconf 90' lang='lat' dir='ltr'>emphyteuticum</span> <span class='ocrx_word' id='word_1_167' title='bbox 826 2168 1013 2225; x_wconf 87' lang='lat' dir='ltr'>testamento</span> <span class='ocrx_word' id='word_1_168' title='bbox 1029 2169 1082 2225; x_wconf 92' lang='lat' dir='ltr'>aut</span> <span class='ocrx_word' id='word_1_169' title='bbox 1102 2169 1266 2226; x_wconf 88' lang='lat' dir='ltr'>contractu</span> 
     </span>
     <span class='ocr_line' id='line_1_20' title="bbox 59 2263 1265 2347; baseline -0.002 -16"><span class='ocrx_word' id='word_1_170' title='bbox 59 2265 364 2347; x_wconf 89' lang='lat' dir='ltr'>emphyteuticario:</span> <span class='ocrx_word' id='word_1_171' title='bbox 390 2280 501 2343; x_wconf 87' lang='lat' dir='ltr'>quem,</span> <span class='ocrx_word' id='word_1_172' title='bbox 526 2265 554 2325; x_wconf 91' lang='lat' dir='ltr'>si</span> <span class='ocrx_word' id='word_1_173' title='bbox 577 2263 711 2326; x_wconf 89' lang='lat' dir='ltr'>ecclesia</span> <span class='ocrx_word' id='word_1_174' title='bbox 735 2263 886 2344; x_wconf 86' lang='lat' dir='ltr'>praedium</span> <span class='ocrx_word' id='word_1_175' title='bbox 909 2265 1150 2346; x_wconf 89' lang='lat' dir='ltr'>inperpetuum</span> <span class='ocrx_word' id='word_1_176' title='bbox 1174 2265 1265 2328; x_wconf 89' lang='lat' dir='ltr'>loca-</span> 
     </span>
     <span class='ocr_line' id='line_1_21' title="bbox 60 2364 887 2453; baseline -0.005 -23"><span class='ocrx_word' id='word_1_177' title='bbox 60 2369 119 2445; x_wconf 86' lang='lat' dir='ltr'>vit,</span> <span class='ocrx_word' id='word_1_178' title='bbox 141 2367 270 2446; x_wconf 89' lang='lat' dir='ltr'>seriptis</span> <span class='ocrx_word' id='word_1_179' title='bbox 293 2364 520 2428; x_wconf 86' lang='lat' dir='ltr'>conficiendum</span> <span class='ocrx_word' id='word_1_180' title='bbox 542 2383 625 2442; x_wconf 89' lang='lat' dir='ltr'>esse,</span> <span class='ocrx_word' id='word_1_181' title='bbox 648 2373 768 2429; x_wconf 89' lang='lat' dir='ltr'>certum</span> <span class='ocrx_word' id='word_1_182' title='bbox 791 2365 887 2453; x_wconf 63' lang='lat' dir='ltr'>estss).</span> 
     </span>
    </p>

    <p class='ocr_par' dir='ltr' id='par_1_6' title="bbox 57 2465 1334 3058">
     <span class='ocr_line' id='line_1_22' title="bbox 100 2465 1266 2552; baseline 0 -22"><span class='ocrx_word' id='word_1_183' title='bbox 100 2470 133 2550; x_wconf 65' lang='grc' dir='ltr'>ξ.</span> <span class='ocrx_word' id='word_1_184' title='bbox 144 2466 218 2532; x_wconf 85' lang='grc'>447.</span> <span class='ocrx_word' id='word_1_185' title='bbox 261 2466 466 2530; x_wconf 77' lang='lat' dir='ltr'>Surenrrcma</span> <span class='ocrx_word' id='word_1_186' title='bbox 482 2465 509 2552; x_wconf 78' lang='grc'>9)</span> <span class='ocrx_word' id='word_1_187' title='bbox 529 2467 724 2548; x_wconf 90' lang='lat' dir='ltr'>appellamus</span> <span class='ocrx_word' id='word_1_188' title='bbox 745 2467 847 2544; x_wconf 89' lang='lat' dir='ltr'>aedes,</span> <span class='ocrx_word' id='word_1_189' title='bbox 869 2486 939 2548; x_wconf 86' lang='lat' dir='ltr'>quae</span> <span class='ocrx_word' id='word_1_190' title='bbox 961 2469 992 2530; x_wconf 93' lang='lat' dir='ltr'>in</span> <span class='ocrx_word' id='word_1_191' title='bbox 1018 2469 1173 2532; x_wconf 88' lang='lat' dir='ltr'>conducto</span> <span class='ocrx_word' id='word_1_192' title='bbox 1195 2469 1266 2532; x_wconf 92' lang='lat' dir='ltr'>solo</span> 
     </span>
     <span class='ocr_line' id='line_1_23' title="bbox 61 2568 1266 2663; baseline -0.001 -32"><span class='ocrx_word' id='word_1_193' title='bbox 61 2569 176 2649; x_wconf 86' lang='lat' dir='ltr'>positae</span> <span class='ocrx_word' id='word_1_194' title='bbox 204 2572 277 2627; x_wconf 91' lang='lat' dir='ltr'>sunt</span> <span class='ocrx_word' id='word_1_195' title='bbox 310 2570 341 2628; x_wconf 90' lang='lat' dir='ltr'>et</span> <span class='ocrx_word' id='word_1_196' title='bbox 363 2583 494 2645; x_wconf 90' lang='lat' dir='ltr'>quarum</span> <span class='ocrx_word' id='word_1_197' title='bbox 523 2568 701 2663; x_wconf 72' lang='lat' dir='ltr'>proprietas</span> <span class='ocrx_word' id='word_1_198' title='bbox 725 2574 785 2630; x_wconf 87' lang='lat' dir='ltr'>tam</span> <span class='ocrx_word' id='word_1_199' title='bbox 819 2568 904 2630; x_wconf 90' lang='lat' dir='ltr'>civili</span> <span class='ocrx_word' id='word_1_200' title='bbox 928 2586 1019 2649; x_wconf 88' lang='lat' dir='ltr'>quam</span> <span class='ocrx_word' id='word_1_201' title='bbox 1040 2570 1175 2632; x_wconf 88' lang='lat' dir='ltr'>naturali</span> <span class='ocrx_word' id='word_1_202' title='bbox 1196 2573 1266 2632; x_wconf 93' lang='lat' dir='ltr'>iure</span> 
     </span>
     <span class='ocr_line' id='line_1_24' title="bbox 60 2660 1266 2754; baseline 0.002 -24"><span class='ocrx_word' id='word_1_203' title='bbox 60 2669 131 2731; x_wconf 90' lang='lat' dir='ltr'>eius</span> <span class='ocrx_word' id='word_1_204' title='bbox 156 2672 223 2743; x_wconf 89' lang='lat' dir='ltr'>est,</span> <span class='ocrx_word' id='word_1_205' title='bbox 248 2666 338 2727; x_wconf 89' lang='lat' dir='ltr'>euius</span> <span class='ocrx_word' id='word_1_206' title='bbox 371 2660 424 2727; x_wconf 77' lang='lat' dir='ltr'>est&#39;</span> <span class='ocrx_word' id='word_1_207' title='bbox 443 2665 613 2754; x_wconf 86' lang='lat' dir='ltr'>solum10).</span> <span class='ocrx_word' id='word_1_208' title='bbox 657 2668 775 2731; x_wconf 89' lang='lat' dir='ltr'>Praetor</span> <span class='ocrx_word' id='word_1_209' title='bbox 795 2675 898 2732; x_wconf 91' lang='lat' dir='ltr'>autem</span> <span class='ocrx_word' id='word_1_210' title='bbox 926 2670 1173 2751; x_wconf 89' lang='lat' dir='ltr'>superliciarium</span> <span class='ocrx_word' id='word_1_211' title='bbox 1203 2689 1266 2734; x_wconf 92' lang='lat' dir='ltr'>non</span> 
     </span>
     <span class='ocr_line' id='line_1_25' title="bbox 57 2760 1265 2861; baseline 0.001 -29"><span class='ocrx_word' id='word_1_212' title='bbox 57 2769 165 2832; x_wconf 93' lang='lat' dir='ltr'>solum</span> <span class='ocrx_word' id='word_1_213' title='bbox 185 2760 323 2861; x_wconf 85' lang='lat' dir='ltr'>proprio&#39;</span> <span class='ocrx_word' id='word_1_214' title='bbox 339 2766 507 2831; x_wconf 88' lang='lat' dir='ltr'>interdicto</span> <span class='ocrx_word' id='word_1_215' title='bbox 529 2769 692 2846; x_wconf 86' lang='lat' dir='ltr'>tuebatur,</span> <span class='ocrx_word' id='word_1_216' title='bbox 723 2789 833 2832; x_wconf 89' lang='lat' dir='ltr'>verum</span> <span class='ocrx_word' id='word_1_217' title='bbox 856 2772 947 2833; x_wconf 88' lang='lat' dir='ltr'>etiam</span> <span class='ocrx_word' id='word_1_218' title='bbox 970 2789 1062 2834; x_wconf 91' lang='lat' dir='ltr'>causa</span> <span class='ocrx_word' id='word_1_219' title='bbox 1088 2775 1213 2856; x_wconf 91' lang='lat' dir='ltr'>cognita</span> <span class='ocrx_word' id='word_1_220' title='bbox 1234 2773 1265 2833; x_wconf 91' lang='lat' dir='ltr'>in</span> 
     </span>
     <span class='ocr_line' id='line_1_26' title="bbox 57 2862 1334 2954; baseline 0.001 -21"><span class='ocrx_word' id='word_1_221' title='bbox 57 2889 127 2934; x_wconf 89' lang='lat' dir='ltr'>rem</span> <span class='ocrx_word' id='word_1_222' title='bbox 149 2869 304 2931; x_wconf 90' lang='lat' dir='ltr'>actionem</span> <span class='ocrx_word' id='word_1_223' title='bbox 329 2870 359 2929; x_wconf 89' lang='lat' dir='ltr'>ei</span> <span class='ocrx_word' id='word_1_224' title='bbox 384 2867 493 2944; x_wconf 91' lang='lat' dir='ltr'>dabat,</span> <span class='ocrx_word' id='word_1_225' title='bbox 525 2871 546 2930; x_wconf 95' lang='lat' dir='ltr'>i.</span> <span class='ocrx_word' id='word_1_226' title='bbox 572 2888 600 2931; x_wconf 86' lang='lat' dir='ltr'>e.</span> <span class='ocrx_word' id='word_1_227' title='bbox 625 2871 652 2932; x_wconf 91' lang='lat' dir='ltr'>si</span> <span class='ocrx_word' id='word_1_228' title='bbox 675 2890 737 2933; x_wconf 95' lang='lat' dir='ltr'>non</span> <span class='ocrx_word' id='word_1_229' title='bbox 771 2873 802 2933; x_wconf 92' lang='lat' dir='ltr'>in</span> <span class='ocrx_word' id='word_1_230' title='bbox 834 2873 988 2935; x_wconf 88' lang='lat' dir='ltr'>modicum</span> <span class='ocrx_word' id='word_1_231' title='bbox 1011 2880 1134 2954; x_wconf 89' lang='lat' dir='ltr'>tempus</span> <span class='ocrx_word' id='word_1_232' title='bbox 1164 2873 1265 2935; x_wconf 93' lang='lat' dir='ltr'>solum</span> <span class='ocrx_word' id='word_1_233' title='bbox 1330 2862 1334 2873; x_wconf 82' lang='lat'><em>&#39;</em></span> 
     </span>
     <span class='ocr_line' id='line_1_27' title="bbox 57 2968 1266 3058; baseline 0.002 -25"><span class='ocrx_word' id='word_1_234' title='bbox 57 2968 322 3058; x_wconf 81' lang='lat' dir='ltr'>conduxerat11).</span> <span class='ocrx_word' id='word_1_235' title='bbox 367 2969 443 3033; x_wconf 90' lang='lat' dir='ltr'>lude</span> <span class='ocrx_word' id='word_1_236' title='bbox 467 2973 652 3054; x_wconf 83' lang='lat' dir='ltr'>superficies</span> <span class='ocrx_word' id='word_1_237' title='bbox 677 2977 838 3057; x_wconf 88' lang='lat' dir='ltr'>proprium</span> <span class='ocrx_word' id='word_1_238' title='bbox 860 2976 910 3038; x_wconf 80' lang='lat' dir='ltr'>ies</span> <span class='ocrx_word' id='word_1_239' title='bbox 931 2975 963 3037; x_wconf 83' lang='lat' dir='ltr'>in</span> <span class='ocrx_word' id='word_1_240' title='bbox 983 2993 1019 3037; x_wconf 84' lang='lat' dir='ltr'>re</span> <span class='ocrx_word' id='word_1_241' title='bbox 1040 2976 1176 3052; x_wconf 89' lang='lat' dir='ltr'>dicitur,</span> <span class='ocrx_word' id='word_1_242' title='bbox 1197 2992 1266 3036; x_wconf 91' lang='lat' dir='ltr'>em-</span> 
     </span>
    </p>
   </div>
   <div class='ocr_carea' id='block_1_5' title="bbox 58 3322 1268 3894">
    <p class='ocr_par' dir='ltr' id='par_1_7' title="bbox 58 3322 1268 3894">
     <span class='ocr_line' id='line_1_28' title="bbox 169 3322 1056 3396; baseline 0.007 -24"><span class='ocrx_word' id='word_1_243' title='bbox 169 3360 175 3372; x_wconf 92' lang='lat'>.</span> <span class='ocrx_word' id='word_1_244' title='bbox 210 3361 217 3373; x_wconf 88' lang='lat'><strong>.</strong></span> <span class='ocrx_word' id='word_1_245' title='bbox 251 3327 320 3377; x_wconf 90' lang='lat' dir='ltr'>.eit.</span> <span class='ocrx_word' id='word_1_246' title='bbox 339 3341 362 3376; x_wconf 91' lang='lat' dir='ltr'>e.</span> <span class='ocrx_word' id='word_1_247' title='bbox 381 3322 407 3377; x_wconf 84' lang='lat'>3.</span> <span class='ocrx_word' id='word_1_248' title='bbox 428 3325 456 3376; x_wconf 85' lang='lat' dir='ltr'>G.</span> <span class='ocrx_word' id='word_1_249' title='bbox 474 3327 501 3376; x_wconf 92' lang='lat' dir='ltr'>h.</span> <span class='ocrx_word' id='word_1_250' title='bbox 522 3332 540 3378; x_wconf 93' lang='lat' dir='ltr'>t.</span> <span class='ocrx_word' id='word_1_251' title='bbox 559 3329 590 3379; x_wconf 82' lang='lat' dir='ltr'>fr.</span> <span class='ocrx_word' id='word_1_252' title='bbox 609 3325 652 3379; x_wconf 90' lang='grc'>71.</span> <span class='ocrx_word' id='word_1_253' title='bbox 672 3327 695 3387; x_wconf 67' lang='grc' dir='ltr'>ἓ.</span> <span class='ocrx_word' id='word_1_254' title='bbox 719 3327 743 3380; x_wconf 87' lang='grc'>5.</span> <span class='ocrx_word' id='word_1_255' title='bbox 765 3328 789 3381; x_wconf 89' lang='grc'>6.</span> <span class='ocrx_word' id='word_1_256' title='bbox 814 3327 844 3380; x_wconf 88' lang='lat' dir='ltr'>D.</span> <span class='ocrx_word' id='word_1_257' title='bbox 863 3326 899 3380; x_wconf 89' lang='lat'>30</span> <span class='ocrx_word' id='word_1_258' title='bbox 916 3327 964 3394; x_wconf 85' lang='lat' dir='ltr'>(de</span> <span class='ocrx_word' id='word_1_259' title='bbox 981 3324 1056 3396; x_wconf 68' lang='lat' dir='ltr'>leg).</span> 
     </span>
     <span class='ocr_line' id='line_1_29' title="bbox 171 3390 1117 3459; baseline 0.006 -14"><span class='ocrx_word' id='word_1_260' title='bbox 171 3432 178 3445; x_wconf 89' lang='lat'><strong>.</strong></span> <span class='ocrx_word' id='word_1_261' title='bbox 214 3432 221 3444; x_wconf 87' lang='lat'><strong>.</strong></span> <span class='ocrx_word' id='word_1_262' title='bbox 257 3396 284 3446; x_wconf 83' lang='lat' dir='ltr'>’t</span> <span class='ocrx_word' id='word_1_263' title='bbox 383 3390 413 3459; x_wconf 89' lang='lat'>4)</span> <span class='ocrx_word' id='word_1_264' title='bbox 433 3397 462 3448; x_wconf 84' lang='lat' dir='ltr'>C.</span> <span class='ocrx_word' id='word_1_265' title='bbox 483 3396 509 3449; x_wconf 88' lang='grc'>3.</span> <span class='ocrx_word' id='word_1_266' title='bbox 532 3399 561 3450; x_wconf 85' lang='lat' dir='ltr'>O.</span> <span class='ocrx_word' id='word_1_267' title='bbox 580 3401 623 3451; x_wconf 89' lang='lat' dir='ltr'>eit.</span> <span class='ocrx_word' id='word_1_268' title='bbox 643 3399 749 3451; x_wconf 85' lang='lat' dir='ltr'>Vocant</span> <span class='ocrx_word' id='word_1_269' title='bbox 767 3415 826 3450; x_wconf 78' lang='lat' dir='ltr'>eam</span> <span class='ocrx_word' id='word_1_270' title='bbox 846 3400 927 3451; x_wconf 91' lang='lat' dir='ltr'>hodie</span> <span class='ocrx_word' id='word_1_271' title='bbox 944 3401 1117 3452; x_wconf 89' lang='lat' dir='ltr'>laudemium.</span> 
     </span>
     <span class='ocr_line' id='line_1_30' title="bbox 114 3460 1266 3537; baseline 0.01 -23"><span class='ocrx_word' id='word_1_272' title='bbox 114 3460 125 3530; x_wconf 90' lang='lat'><em>)</em></span> <span class='ocrx_word' id='word_1_273' title='bbox 184 3464 234 3516; x_wconf 91' lang='lat'>.1.</span> <span class='ocrx_word' id='word_1_274' title='bbox 254 3467 317 3517; x_wconf 82' lang='lat' dir='ltr'>inl.</span> <span class='ocrx_word' id='word_1_275' title='bbox 339 3461 369 3516; x_wconf 82' lang='lat' dir='ltr'>l).</span> <span class='ocrx_word' id='word_1_276' title='bbox 388 3463 580 3537; x_wconf 81' lang='lat' dir='ltr'>7,4(quibue</span> <span class='ocrx_word' id='word_1_277' title='bbox 598 3469 671 3522; x_wconf 88' lang='lat' dir='ltr'>mod.</span> <span class='ocrx_word' id='word_1_278' title='bbox 691 3468 862 3537; x_wconf 81' lang='lat' dir='ltr'>ueusfr.fin.).</span> <span class='ocrx_word' id='word_1_279' title='bbox 880 3474 912 3523; x_wconf 82' lang='lat' dir='ltr'>fr.</span> <span class='ocrx_word' id='word_1_280' title='bbox 932 3470 974 3522; x_wconf 82' lang='lat'>16.</span> <span class='ocrx_word' id='word_1_281' title='bbox 993 3471 1015 3532; x_wconf 69' lang='lat'>§-</span> <span class='ocrx_word' id='word_1_282' title='bbox 1032 3470 1057 3522; x_wconf 82' lang='lat'>2.</span> <span class='ocrx_word' id='word_1_283' title='bbox 1079 3463 1266 3533; x_wconf 73' lang='lat' dir='ltr'>D.13‚7(‘10</span> 
     </span>
     <span class='ocr_line' id='line_1_31' title="bbox 60 3531 797 3673; baseline 0.011 -85"><span class='ocrx_word' id='word_1_284' title='bbox 60 3537 137 3673; x_wconf 46' lang='grc' dir='ltr'>μῖξις.</span> <span class='ocrx_word' id='word_1_285' title='bbox 148 3531 280 3659; x_wconf 61' lang='lat' dir='ltr'>lpet.).75r.</span> <span class='ocrx_word' id='word_1_286' title='bbox 298 3534 341 3658; x_wconf 70' lang='lat'><strong>315.</strong></span> <span class='ocrx_word' id='word_1_287' title='bbox 361 3534 392 3669; x_wconf 65' lang='grc' dir='ltr'>[ἔ.</span> <span class='ocrx_word' id='word_1_288' title='bbox 408 3536 455 3662; x_wconf 64' lang='grc' dir='ltr'>ξθ,</span> <span class='ocrx_word' id='word_1_289' title='bbox 474 3538 488 3591; x_wconf 91' lang='grc'><strong>1</strong></span> <span class='ocrx_word' id='word_1_290' title='bbox 511 3538 559 3607; x_wconf 87' lang='lat' dir='ltr'>(de</span> <span class='ocrx_word' id='word_1_291' title='bbox 577 3544 648 3610; x_wconf 87' lang='lat' dir='ltr'>pign.</span> <span class='ocrx_word' id='word_1_292' title='bbox 668 3548 693 3594; x_wconf 86' lang='lat' dir='ltr'>et</span> <span class='ocrx_word' id='word_1_293' title='bbox 712 3541 797 3611; x_wconf 79' lang='lat' dir='ltr'>hyp).</span> 
     </span>
     <span class='ocr_line' id='line_1_32' title="bbox 174 3625 433 3661; baseline 0.004 -1"><span class='ocrx_word' id='word_1_294' title='bbox 174 3625 215 3660; x_wconf 78' lang='lat' dir='ltr'>or.</span> <span class='ocrx_word' id='word_1_295' title='bbox 254 3625 301 3660; x_wconf 92' lang='lat' dir='ltr'>.e.</span> <span class='ocrx_word' id='word_1_296' title='bbox 340 3646 347 3659; x_wconf 88' lang='lat'><strong><em>.</em></strong></span> <span class='ocrx_word' id='word_1_297' title='bbox 383 3648 389 3661; x_wconf 95' lang='lat'><em>.</em></span> <span class='ocrx_word' id='word_1_298' title='bbox 427 3647 433 3661; x_wconf 87' lang='lat'>.</span> 
     </span>
     <span class='ocr_line' id='line_1_33' title="bbox 58 3675 1268 3824; baseline 0.003 -22"><span class='ocrx_word' id='word_1_299' title='bbox 58 3676 217 3821; x_wconf 56' lang='lat' dir='ltr'>,tillo</span> <span class='ocrx_word' id='word_1_300' title='bbox 236 3675 438 3819; x_wconf 52' lang='lat' dir='ltr'>tetduini:</span> <span class='ocrx_word' id='word_1_301' title='bbox 462 3682 529 3820; x_wconf 67' lang='lat' dir='ltr'>hg:</span> <span class='ocrx_word' id='word_1_302' title='bbox 545 3682 649 3807; x_wconf 68' lang='lat' dir='ltr'>tto·</span> <span class='ocrx_word' id='word_1_303' title='bbox 669 3683 825 3821; x_wconf 70' lang='lat' dir='ltr'>emh</span> <span class='ocrx_word' id='word_1_304' title='bbox 841 3679 1166 3824; x_wconf 60' lang='lat' dir='ltr'>ththtltt</span> <span class='ocrx_word' id='word_1_305' title='bbox 1182 3677 1268 3806; x_wconf 66' lang='lat' dir='ltr'>tter</span> 
     </span>
     <span class='ocr_line' id='line_1_34' title="bbox 62 3823 1268 3894; baseline 0.002 -20"><span class='ocrx_word' id='word_1_306' title='bbox 62 3823 168 3888; x_wconf 82' lang='lat' dir='ltr'>expelli</span> <span class='ocrx_word' id='word_1_307' title='bbox 186 3826 275 3888; x_wconf 79' lang='lat' dir='ltr'>potest</span> <span class='ocrx_word' id='word_1_308' title='bbox 293 3823 468 3890; x_wconf 87' lang='lat' dir='ltr'>emphyteuta</span> <span class='ocrx_word' id='word_1_309' title='bbox 495 3827 529 3877; x_wconf 92' lang='lat' dir='ltr'>ob</span> <span class='ocrx_word' id='word_1_310' title='bbox 549 3842 679 3879; x_wconf 83' lang='lat' dir='ltr'>canonem</span> <span class='ocrx_word' id='word_1_311' title='bbox 701 3842 756 3879; x_wconf 91' lang='lat' dir='ltr'>non</span> <span class='ocrx_word' id='word_1_312' title='bbox 774 3830 905 3890; x_wconf 83' lang='lat' dir='ltr'>solutum,</span> <span class='ocrx_word' id='word_1_313' title='bbox 923 3842 1002 3894; x_wconf 88' lang='lat' dir='ltr'>quam</span> <span class='ocrx_word' id='word_1_314' title='bbox 1022 3828 1043 3877; x_wconf 85' lang='lat' dir='ltr'>si</span> <span class='ocrx_word' id='word_1_315' title='bbox 1062 3844 1109 3893; x_wconf 85' lang='lat' dir='ltr'>per</span> <span class='ocrx_word' id='word_1_316' title='bbox 1127 3826 1268 3877; x_wconf 85' lang='lat' dir='ltr'>triennium</span> 
     </span>
    </p>
   </div>
   <div class='ocr_carea' id='block_1_6' title="bbox 61 3893 1266 4027">
    <p class='ocr_par' dir='ltr' id='par_1_8' title="bbox 61 3893 1266 4027">
     <span class='ocr_line' id='line_1_35' title="bbox 62 3893 1266 3969; baseline 0 -22"><span class='ocrx_word' id='word_1_317' title='bbox 62 3896 92 3947; x_wconf 88' lang='lat' dir='ltr'>in</span> <span class='ocrx_word' id='word_1_318' title='bbox 112 3893 234 3945; x_wconf 82' lang='lat' dir='ltr'>aaeeuleri</span> <span class='ocrx_word' id='word_1_319' title='bbox 252 3899 299 3945; x_wconf 83' lang='lat' dir='ltr'>aut</span> <span class='ocrx_word' id='word_1_320' title='bbox 309 3910 356 3960; x_wconf 88' lang='lat' dir='ltr'>per</span> <span class='ocrx_word' id='word_1_321' title='bbox 376 3896 510 3948; x_wconf 88' lang='lat' dir='ltr'>biennium</span> <span class='ocrx_word' id='word_1_322' title='bbox 528 3898 557 3947; x_wconf 92' lang='lat' dir='ltr'>in</span> <span class='ocrx_word' id='word_1_323' title='bbox 568 3899 751 3951; x_wconf 81' lang='lat' dir='ltr'>ecclesiastiea</span> <span class='ocrx_word' id='word_1_324' title='bbox 770 3900 940 3969; x_wconf 78' lang='lat' dir='ltr'>emphyteusi</span> <span class='ocrx_word' id='word_1_325' title='bbox 960 3898 1094 3951; x_wconf 87' lang='lat' dir='ltr'>illudnon</span> <span class='ocrx_word' id='word_1_326' title='bbox 1111 3897 1266 3965; x_wconf 74' lang='lat' dir='ltr'>prostiterit.</span> 
     </span>
     <span class='ocr_line' id='line_1_36' title="bbox 61 3959 550 4027; baseline -0.004 -9"><span class='ocrx_word' id='word_1_327' title='bbox 61 3982 87 4018; x_wconf 90' lang='lat' dir='ltr'>c.</span> <span class='ocrx_word' id='word_1_328' title='bbox 106 3961 132 4016; x_wconf 81' lang='lat'>2.</span> <span class='ocrx_word' id='word_1_329' title='bbox 152 3964 181 4016; x_wconf 82' lang='lat' dir='ltr'>O.</span> <span class='ocrx_word' id='word_1_330' title='bbox 200 3966 242 4016; x_wconf 87' lang='lat' dir='ltr'>cit</span> <span class='ocrx_word' id='word_1_331' title='bbox 261 3965 329 4017; x_wconf 78' lang='lat' dir='ltr'>Nor.</span> <span class='ocrx_word' id='word_1_332' title='bbox 347 3959 373 4015; x_wconf 88' lang='grc'>7.</span> <span class='ocrx_word' id='word_1_333' title='bbox 392 3982 415 4017; x_wconf 92' lang='lat' dir='ltr'>c.</span> <span class='ocrx_word' id='word_1_334' title='bbox 434 3965 459 4018; x_wconf 91' lang='grc'>3.</span> <span class='ocrx_word' id='word_1_335' title='bbox 481 3967 503 4027; x_wconf 82' lang='lat'>§.</span> <span class='ocrx_word' id='word_1_336' title='bbox 525 3966 550 4019; x_wconf 76' lang='lat'>2.</span> 
     </span>
    </p>
   </div>
   <div class='ocr_carea' id='block_1_7' title="bbox 98 4031 1374 4108">
    <p class='ocr_par' dir='ltr' id='par_1_9' title="bbox 98 4031 1374 4108">
     <span class='ocr_line' id='line_1_37' title="bbox 98 4031 1374 4108; baseline 0.002 -23"><span class='ocrx_word' id='word_1_337' title='bbox 98 4031 128 4102; x_wconf 88' lang='grc'>8)</span> <span class='ocrx_word' id='word_1_338' title='bbox 146 4036 304 4087; x_wconf 81' lang='lat' dir='ltr'>Traditlone</span> <span class='ocrx_word' id='word_1_339' title='bbox 321 4036 429 4093; x_wconf 86' lang='lat' dir='ltr'>demum</span> <span class='ocrx_word' id='word_1_340' title='bbox 452 4038 493 4090; x_wconf 87' lang='lat' dir='ltr'>lua</span> <span class='ocrx_word' id='word_1_341' title='bbox 520 4040 698 4106; x_wconf 88' lang='lat' dir='ltr'>emphyteutae</span> <span class='ocrx_word' id='word_1_342' title='bbox 715 4040 831 4107; x_wconf 88' lang='lat' dir='ltr'>incipere</span> <span class='ocrx_word' id='word_1_343' title='bbox 849 4057 984 4108; x_wconf 77' lang='lat' dir='ltr'>nusquam</span> <span class='ocrx_word' id='word_1_344' title='bbox 1009 4041 1164 4107; x_wconf 75' lang='lat' dir='ltr'>precipitur.</span> <span class='ocrx_word' id='word_1_345' title='bbox 1200 4039 1266 4090; x_wconf 90' lang='lat' dir='ltr'>Item</span> <span class='ocrx_word' id='word_1_346' title='bbox 1371 4057 1374 4064; x_wconf 96' lang='lat'><em>·</em></span> 
     </span>
    </p>
   </div>
   <div class='ocr_carea' id='block_1_8' title="bbox 60 4106 1267 4464">
    <p class='ocr_par' dir='ltr' id='par_1_10' title="bbox 60 4106 1224 4248">
     <span class='ocr_line' id='line_1_38' title="bbox 60 4106 1224 4180; baseline 0.004 -24"><span class='ocrx_word' id='word_1_347' title='bbox 60 4119 115 4156; x_wconf 90' lang='lat' dir='ltr'>nee</span> <span class='ocrx_word' id='word_1_348' title='bbox 135 4107 194 4159; x_wconf 81' lang='lat' dir='ltr'>ulle</span> <span class='ocrx_word' id='word_1_349' title='bbox 212 4108 274 4174; x_wconf 81' lang='lat' dir='ltr'>lege</span> <span class='ocrx_word' id='word_1_350' title='bbox 294 4109 409 4160; x_wconf 79' lang='lat' dir='ltr'>sancitur</span> <span class='ocrx_word' id='word_1_351' title='bbox 425 4110 623 4176; x_wconf 78' lang='lat' dir='ltr'>prascriptione</span> <span class='ocrx_word' id='word_1_352' title='bbox 642 4113 711 4164; x_wconf 94' lang='lat' dir='ltr'>illud</span> <span class='ocrx_word' id='word_1_353' title='bbox 729 4128 809 4180; x_wconf 86' lang='lat' dir='ltr'>posse</span> <span class='ocrx_word' id='word_1_354' title='bbox 829 4113 960 4165; x_wconf 87' lang='lat' dir='ltr'>constitui.</span> <span class='ocrx_word' id='word_1_355' title='bbox 999 4111 1103 4178; x_wconf 70' lang='lat' dir='ltr'>Magne</span> <span class='ocrx_word' id='word_1_356' title='bbox 1121 4110 1145 4170; x_wconf 69' lang='grc' dir='ltr'>ἓ.</span> <span class='ocrx_word' id='word_1_357' title='bbox 1164 4106 1224 4161; x_wconf 88' lang='grc'><strong>336.</strong></span> 
     </span>
     <span class='ocr_line' id='line_1_39' title="bbox 98 4171 598 4248; baseline 0.008 -20"><span class='ocrx_word' id='word_1_358' title='bbox 98 4171 128 4241; x_wconf 86' lang='grc'>9)</span> <span class='ocrx_word' id='word_1_359' title='bbox 151 4174 182 4229; x_wconf 83' lang='lat' dir='ltr'>b.</span> <span class='ocrx_word' id='word_1_360' title='bbox 202 4175 300 4241; x_wconf 84' lang='lat'>43,18</span> <span class='ocrx_word' id='word_1_361' title='bbox 320 4179 368 4245; x_wconf 82' lang='lat' dir='ltr'>(de</span> <span class='ocrx_word' id='word_1_362' title='bbox 386 4180 598 4248; x_wconf 84' lang='lat' dir='ltr'>superficiebus).</span> 
     </span>
    </p>

    <p class='ocr_par' dir='ltr' id='par_1_11' title="bbox 79 4243 1266 4312">
     <span class='ocr_line' id='line_1_40' title="bbox 79 4243 1266 4312; baseline 0 -12"><span class='ocrx_word' id='word_1_363' title='bbox 79 4243 128 4312; x_wconf 90' lang='grc'>10)</span> <span class='ocrx_word' id='word_1_364' title='bbox 151 4249 212 4301; x_wconf 81' lang='lat' dir='ltr'>Gai.</span> <span class='ocrx_word' id='word_1_365' title='bbox 228 4249 258 4300; x_wconf 90' lang='lat' dir='ltr'>in</span> <span class='ocrx_word' id='word_1_366' title='bbox 275 4251 294 4300; x_wconf 83' lang='lat' dir='ltr'>f.</span> <span class='ocrx_word' id='word_1_367' title='bbox 313 4249 338 4301; x_wconf 82' lang='lat'>2.</span> <span class='ocrx_word' id='word_1_368' title='bbox 360 4248 389 4304; x_wconf 86' lang='lat' dir='ltr'>D.</span> <span class='ocrx_word' id='word_1_369' title='bbox 409 4253 436 4302; x_wconf 92' lang='lat' dir='ltr'>h.</span> <span class='ocrx_word' id='word_1_370' title='bbox 454 4257 473 4303; x_wconf 89' lang='lat' dir='ltr'>t.</span> <span class='ocrx_word' id='word_1_371' title='bbox 509 4253 575 4305; x_wconf 87' lang='lat' dir='ltr'>Item</span> <span class='ocrx_word' id='word_1_372' title='bbox 605 4256 771 4306; x_wconf 86' lang='lat' dir='ltr'>coenaculum</span> <span class='ocrx_word' id='word_1_373' title='bbox 791 4253 885 4304; x_wconf 84' lang='lat' dir='ltr'>alienia</span> <span class='ocrx_word' id='word_1_374' title='bbox 907 4253 1009 4305; x_wconf 76' lang='lat' dir='ltr'>edibus</span> <span class='ocrx_word' id='word_1_375' title='bbox 1027 4252 1174 4304; x_wconf 90' lang='lat' dir='ltr'>iniunctum</span> <span class='ocrx_word' id='word_1_376' title='bbox 1191 4251 1222 4301; x_wconf 86' lang='lat' dir='ltr'>fr.</span> <span class='ocrx_word' id='word_1_377' title='bbox 1241 4247 1266 4301; x_wconf 88' lang='lat'>3.</span> 
     </span>
    </p>

    <p class='ocr_par' dir='ltr' id='par_1_12' title="bbox 62 4315 1267 4393">
     <span class='ocr_line' id='line_1_41' title="bbox 62 4315 1267 4393; baseline 0.002 -22"><span class='ocrx_word' id='word_1_378' title='bbox 62 4316 89 4379; x_wconf 62' lang='grc' dir='ltr'>ὅ.</span> <span class='ocrx_word' id='word_1_379' title='bbox 110 4315 136 4371; x_wconf 90' lang='grc'>7.</span> <span class='ocrx_word' id='word_1_380' title='bbox 158 4317 188 4370; x_wconf 88' lang='lat' dir='ltr'>D.</span> <span class='ocrx_word' id='word_1_381' title='bbox 199 4318 244 4383; x_wconf 85' lang='grc'>43,</span> <span class='ocrx_word' id='word_1_382' title='bbox 264 4317 297 4371; x_wconf 91' lang='grc'>17</span> <span class='ocrx_word' id='word_1_383' title='bbox 317 4323 367 4389; x_wconf 85' lang='lat' dir='ltr'>(uti</span> <span class='ocrx_word' id='word_1_384' title='bbox 383 4324 546 4391; x_wconf 77' lang='lat' dir='ltr'>possidetis).</span> <span class='ocrx_word' id='word_1_385' title='bbox 582 4325 686 4377; x_wconf 84' lang='lat' dir='ltr'>Latiori</span> <span class='ocrx_word' id='word_1_386' title='bbox 704 4341 783 4377; x_wconf 78' lang='lat' dir='ltr'>aenou</span> <span class='ocrx_word' id='word_1_387' title='bbox 801 4325 886 4376; x_wconf 83' lang='lat' dir='ltr'>solum</span> <span class='ocrx_word' id='word_1_388' title='bbox 901 4328 927 4375; x_wconf 94' lang='lat' dir='ltr'>et</span> <span class='ocrx_word' id='word_1_389' title='bbox 944 4324 1073 4393; x_wconf 88' lang='lat' dir='ltr'>quidquid</span> <span class='ocrx_word' id='word_1_390' title='bbox 1092 4324 1117 4375; x_wconf 93' lang='lat' dir='ltr'>ei</span> <span class='ocrx_word' id='word_1_391' title='bbox 1134 4328 1206 4375; x_wconf 88' lang='lat' dir='ltr'>tenet</span> <span class='ocrx_word' id='word_1_392' title='bbox 1223 4337 1267 4374; x_wconf 83' lang='lat' dir='ltr'>ve·</span> 
     </span>
    </p>

    <p class='ocr_par' dir='ltr' id='par_1_13' title="bbox 61 4389 1267 4464">
     <span class='ocr_line' id='line_1_42' title="bbox 61 4389 1267 4464; baseline 0.002 -22"><span class='ocrx_word' id='word_1_393' title='bbox 61 4392 184 4442; x_wconf 87' lang='lat' dir='ltr'>luteum</span> <span class='ocrx_word' id='word_1_394' title='bbox 208 4392 349 4446; x_wconf 80' lang='lat' dir='ltr'>arboribus</span> <span class='ocrx_word' id='word_1_395' title='bbox 373 4399 401 4446; x_wconf 89' lang='lat' dir='ltr'>et</span> <span class='ocrx_word' id='word_1_396' title='bbox 426 4396 511 4449; x_wconf 79' lang='lat' dir='ltr'>uineis</span> <span class='ocrx_word' id='word_1_397' title='bbox 539 4398 691 4464; x_wconf 81' lang='lat' dir='ltr'>superficies</span> <span class='ocrx_word' id='word_1_398' title='bbox 711 4399 832 4450; x_wconf 77' lang='lat' dir='ltr'>uocatur.</span> <span class='ocrx_word' id='word_1_399' title='bbox 858 4398 889 4447; x_wconf 84' lang='lat' dir='ltr'>fr.</span> <span class='ocrx_word' id='word_1_400' title='bbox 909 4393 952 4447; x_wconf 80' lang='lat'>32.</span> <span class='ocrx_word' id='word_1_401' title='bbox 973 4391 1004 4446; x_wconf 86' lang='lat' dir='ltr'>D.</span> <span class='ocrx_word' id='word_1_402' title='bbox 1022 4393 1100 4457; x_wconf 85' lang='lat'>33,3</span> <span class='ocrx_word' id='word_1_403' title='bbox 1124 4392 1170 4460; x_wconf 86' lang='lat' dir='ltr'>(de</span> <span class='ocrx_word' id='word_1_404' title='bbox 1191 4389 1267 4458; x_wconf 79' lang='lat' dir='ltr'>dot).</span> 
     </span>
    </p>
   </div>
   <div class='ocr_carea' id='block_1_9' title="bbox 61 4458 1267 4600">
    <p class='ocr_par' dir='ltr' id='par_1_14' title="bbox 61 4458 1267 4600">
     <span class='ocr_line' id='line_1_43' title="bbox 61 4458 1267 4600; baseline 0 -85"><span class='ocrx_word' id='word_1_405' title='bbox 61 4458 506 4600; x_wconf 46' lang='lat' dir='ltr'>sriltpitprll.§311(ge¹lpgplttss.).</span> <span class='ocrx_word' id='word_1_406' title='bbox 543 4467 655 4535; x_wconf 80' lang='lat' dir='ltr'>Semper</span> <span class='ocrx_word' id='word_1_407' title='bbox 668 4467 821 4539; x_wconf 83' lang='lat' dir='ltr'>superficies</span> <span class='ocrx_word' id='word_1_408' title='bbox 841 4467 899 4519; x_wconf 89' lang='lat' dir='ltr'>eolo</span> <span class='ocrx_word' id='word_1_409' title='bbox 914 4466 985 4518; x_wconf 89' lang='lat' dir='ltr'>cedit</span> <span class='ocrx_word' id='word_1_410' title='bbox 1005 4465 1064 4518; x_wconf 84' lang='lat' dir='ltr'>Gai.</span> <span class='ocrx_word' id='word_1_411' title='bbox 1076 4464 1101 4518; x_wconf 81' lang='lat'>2.</span> <span class='ocrx_word' id='word_1_412' title='bbox 1121 4461 1267 4526; x_wconf 77' lang='lat' dir='ltr'>§.uu-75.</span> 
     </span>
    </p>
   </div>
   <div class='ocr_carea' id='block_1_10' title="bbox 0 0 1415 4972">
    <p class='ocr_par' dir='ltr' id='par_1_15' title="bbox 0 0 1415 4972">
     <span class='ocr_line' id='line_1_44' title="bbox 0 0 1415 4972; baseline 0 0"><span class='ocrx_word' id='word_1_413' title='bbox 0 0 1415 4972; x_wconf 95' lang='lat' dir='ltr'> </span> 
     </span>
    </p>
   </div>
  </div>
 </body>
</html>
