2804 4966
150 306 203 363 110
437 305 442 323 ¹
467 312 670 351 rrarrrorroara
688 311 762 350 ruara
782 312 885 351 aonam
905 313 1027 352 arrvarr.

191 446 222 526 ᾖ.
236 441 309 507 390.
352 442 513 504 AEstimeta
536 440 613 517 dns,
639 442 691 505 vel
714 459 785 522 que
805 444 837 505 in
859 444 955 507 rebus
979 443 1192 527 tangibilibus
1219 454 1344 525 conset,

150 547 182 607 in
204 559 326 626 genere
350 542 528 603 restituitur
555 540 608 603 uel
634 543 705 604 eius
726 545 888 606 aestimatio
911 544 1058 608 solvitur.
1104 545 1238 610 Ceterae
1261 549 1346 611 dotes

150 647 181 736 ip
203 646 312 726 specie
332 641 508 705 redduntur
517 658 528 716 ;
557 643 584 705 si
614 660 757 723 queres
780 646 958 708 interierint
986 645 1040 708 vel
1068 647 1231 711 abluerint
1262 650 1347 730 culpa

151 746 264 820 mariti,
289 761 394 807 carum
410 760 537 823 quoque
552 745 712 806 estimatio
726 751 892 825 prestatur
907 748 946 834 ²).
990 747 1124 830 Tempus
1141 750 1349 813 restitutionis

36 916 40 922 ⁶
107 896 114 911 .
150 849 183 909 in
206 846 302 908 rebus
324 844 385 908 soii
410 849 458 906 est
482 849 603 924 tempus
626 843 721 907 soluti
741 848 940 923 matrimonii,
964 853 1086 912 coiere
1107 866 1162 914 res
1187 853 1270 914 intra
1295 868 1350 914 an-

150 964 223 1009 num
244 951 316 1028 post
335 945 473 1009 solutum
501 947 728 1009 matrimonium
752 949 1013 1037 restituuntur).

191 1046 260 1110 Non
282 1048 382 1110 salum
405 1060 458 1110 res
480 1046 602 1109 dotales
626 1049 720 1128 ipsae,
747 1048 804 1110 sed
835 1053 867 1111 et
892 1065 1001 1112 omnes
1031 1055 1256 1128 accessiones,
1286 1064 1351 1131 que

150 1149 272 1211 fructus
295 1167 358 1211 non
385 1155 478 1225 sunt,
508 1147 677 1211 ueletiam
706 1151 828 1212 tructus
857 1155 928 1213 ante
948 1153 1179 1214 'matrimonium
1205 1151 1258 1213 vel
1284 1156 1352 1231 post

151 1257 272 1330 tempus
291 1250 500 1335 restitutionis
523 1249 637 1312 debite
656 1253 808 1332 percepti,
833 1250 957 1319 restitui
977 1252 1144 1337 debenti).
1184 1253 1278 1316 Dotis
1298 1264 1353 1315 re·

149 1355 260 1433 petitio
286 1352 379 1413 tacita
401 1349 576 1431 hypotheca
600 1352 631 1412 in
654 1352 813 1414 universis
829 1352 920 1439 bonis
937 1355 1039 1416 mariti
1055 1354 1174 1417 munito
1187 1359 1250 1430 est,
1274 1370 1353 1434 que,

149 1455 176 1518 si
205 1452 320 1516 mulier
346 1452 413 1531 ipsa
443 1452 555 1514 eiusve
580 1452 673 1515 liberi
703 1455 898 1517 exactionem
923 1453 1006 1517 detis
1028 1454 1155 1532 habent,
1181 1455 1353 1538 privilegio
1388 1482 1391 1487 ·

151 1553 287 1637 gaudet,
312 1568 374 1632 qua
396 1552 561 1628 omnibus,
591 1556 706 1634 praeter
728 1552 856 1633 liscum,
882 1556 983 1619 mariti
1008 1556 1239 1633 oreditoribust,
1261 1561 1354 1620 etiam

151 1654 323 1739 prioribus,
347 1658 396 1715 est
416 1652 565 1735 pcti0r4).

192 1758 223 1837 ξ.
234 1754 306 1818 391.
350 1752 451 1815 Pactis
473 1753 642 1831 dotalibus,
668 1771 753 1837 saepe
778 1758 846 1819 iura
870 1773 941 1837 quo
962 1757 1068 1821 dotem
1081 1758 1237 1840 spectant,
1263 1752 1355 1822 aliter

150 1855 342 1918 deliniuntur
353 1855 393 1941 ὃ).

193 1959 224 2039 ξ.
238 1954 311 2020 392.
354 1953 491 2035 Pupillus
519 1959 588 2018 sine
611 1957 725 2017 tutaris
746 1957 932 2020 auctoritate
955 1968 1008 2020 res
1032 1974 1106 2021 suas
1129 1959 1273 2022 alienare
1294 1968 1356 2024 aad

149 2074 257 2139 posse,
278 2058 336 2118 iam
348 2074 388 2116 ex
408 2055 447 2117 iis
467 2057 622 2135 sequitur,
645 2072 714 2136 quae
730 2073 825 2137 supra
840 2058 873 2119 in
886 2056 968 2120 libro
985 2057 1009 2118 l.
1035 2053 1185 2143 (3230.)
1206 2056 1357 2143 diximus,

133 2144 135 2148 ’
152 2173 208 2221 eos
230 2157 441 2219 conditionem
462 2171 549 2217 suam
565 2156 755 2218 deteriorem
771 2158 877 2220 iacere
892 2175 954 2220 non
969 2175 1074 2239 posse.
1118 2159 1217 2223 Simili
1231 2163 1357 2224 ratione

154 2274 212 2319 nec
234 2257 267 2333 ii,
291 2256 397 2335 quiin
420 2256 582 2318 curatione
604 2261 689 2332 sunt,
710 2273 762 2318 res
782 2273 857 2319 suas
879 2258 910 2319 in
924 2256 1004 2320 alias
1021 2259 1196 2324 transferre
1209 2265 1360 2343 possunt.

116 2347 119 2354 ⁴
155 2356 217 2421 Sed
239 2355 413 2417 novissimo
437 2355 507 2415 iure
536 2371 596 2417 nec
618 2355 775 2417 tutoribus
799 2357 986 2436 permissum
1010 2364 1077 2435 cst,
1112 2375 1166 2422 eae
1195 2361 1269 2424 sine
1291 2380 1360 2425 ma*

151 2458 303 2539 gistratus
328 2454 457 2517 decreto
478 2453 628 2518 alienare.
672 2455 805 2519 Primum
829 2457 998 2538 Septimius
1020 2459 1159 2522 Severus
1183 2463 1358 2542 imperator

150 2557 313 2621 interdixit
334 2559 395 2632 iis,
417 2574 457 2619 ne
478 2557 595 2639 praedia
617 2558 734 2621 rustica
759 2555 812 2620 vel
835 2559 1013 2622 suburbano
1036 2559 1271 2639 distraherent,
1295 2563 1357 2624 libi

151 2666 240 2742 pater
262 2663 448 2722 testamento
460 2664 513 2720 aut
534 2657 689 2721 codicillis
703 2659 734 2721 id
749 2661 956 2740 permisisset,
977 2660 1030 2723 vel
1044 2680 1086 2726 es
1100 2662 1238 2726 alienum
1253 2667 1359 2737 intere

154 2763 306 2838 venisset,
330 2752 483 2841 'quooasu
499 2760 701 2842 magistratus
717 2759 858 2838 decreto,
882 2779 976 2824 causa
992 2765 1132 2847 cognita,
1154 2767 1360 2846 interposito,

153 2864 300 2927 alienatio
324 2861 393 2924 lieri
413 2866 523 2940 posset
534 2862 569 2942 6).
616 2859 838 2924 Constantinus
859 2862 990 2926 aliarum
1011 2881 1139 2945 queque
1156 2875 1265 2927 rerum
1281 2884 1360 2948 prc-

59 2991 62 2998 ·
153 2964 254 3027 hibuit
277 2962 510 3039 alienationem,
533 2968 648 3042 praeter
672 2980 725 3025 eas
748 2979 818 3040 res,
843 2980 912 3044 quae
936 2970 1076 3045 tempore
1100 2965 1305 3047 deperirent,
1327 2969 1361 3030 in

38 3098 42 3102 ·
155 3083 286 3146 quarum
310 3063 515 3125 distractione
545 3068 678 3126 tutorem
709 3063 760 3126 vel
788 3071 966 3128 curatorem
987 3071 1163 3128 cessantem
1186 3083 1249 3130 suo
1270 3070 1361 3150 peri—

155 3166 228 3228 culo
253 3182 381 3227 cessare
402 3165 510 3226 statuit
526 3163 564 3249 ⁷).
609 3163 801 3226 iustinianus
825 3167 885 3228 hoc
913 3168 964 3229 ius
991 3183 1075 3229 novo
1098 3167 1216 3230 robore
1238 3168 1361 3245 confir-

58 3290 71 3313 ·
154 3269 249 3328 mevit
261 3266 297 3347 ⁸).
342 3264 430 3327 Unde
454 3263 547 3334 hodie
572 3266 672 3328 omnis
697 3263 866 3342 alienatio,
899 3268 960 3328 nisi
992 3284 1098 3330 earum
1128 3284 1259 3346 rerum,
1290 3282 1362 3350 quae

157 3366 314 3430 servando
338 3366 460 3442 servari
483 3370 654 3445 nequeunt,
674 3366 830 3428 tutoribus
853 3373 884 3429 et
903 3367 1100 3431 curatoribus
1116 3372 1165 3430 est
1178 3368 1362 3445 interdicta,

156 3486 215 3530 nec
238 3468 300 3529 nisi
322 3472 458 3549 urgente
482 3466 685 3542 necessitate,
710 3485 749 3529 ex
773 3467 901 3530 decreto
923 3469 1134 3551 magistratus,
1158 3486 1253 3532 causa
1279 3489 1363 3555 cog-

155 3571 229 3645 nita,
256 3567 456 3649 permittitur.

191 3777 219 3844 1)
239 3780 282 3830 Fr.
302 3777 327 3829 3.
349 3780 382 3829 D.
401 3777 444 3840 23,
463 3777 480 3829 3
501 3776 550 3842 (tit.
570 3774 635 3841 eit).
655 3793 678 3828 o.
697 3775 740 3828 21.
760 3777 788 3827 G.
807 3777 833 3826 h.
850 3780 871 3829 t.

191 3849 219 3917 2)
242 3851 271 3902 G.
290 3866 333 3900 un.
352 3849 375 3908 §-
396 3845 421 3899 7.
443 3849 471 3900 O.
494 3848 519 3911 5,
538 3847 572 3900 13
592 3847 642 3915 (tit.
662 3844 726 3911 eit).
763 3848 809 3899 lus
827 3852 906 3900 vetus
925 3865 950 3899 v.
967 3847 1041 3915 apud
1060 3847 1123 3914 Uip.
1142 3846 1168 3897 h.
1187 3850 1206 3896 t.
1226 3843 1251 3906 ὃ.
1272 3843 1299 3898 8.

191 3921 220 3987 3)
239 3923 281 3973 Fr.
301 3919 326 3972 5.
344 3922 376 3971 fr.
394 3919 419 3971 6.
437 3923 456 3971 f.
477 3923 508 3972 fr.
528 3918 570 3973 25.
590 3924 609 3972 i.
627 3923 659 3971 ir.
679 3918 722 3970 31.
740 3920 773 3969 D.
792 3920 819 3968 h.
838 3923 856 3968 t.

190 3992 218 4058 4)
240 3993 269 4045 0.
289 4009 333 4044 un.
353 3991 377 4052 ἕ.
396 3992 421 4042 1.
440 3992 469 4044 0.
489 3989 514 4054 5,
533 3990 575 4042 13.
676 3986 704 4055 5)
723 3990 756 4040 V.
776 3992 809 4041 D.
832 3988 875 4052 25,
894 3988 912 4040 4
931 3988 977 4054 (de
995 3989 1080 4054 pactis
1099 3987 1259 4052 dotalibus).

191 4064 220 4130 6)
239 4064 262 4124 ὃ.
281 4063 306 4116 2.
333 4064 354 4114 1.
374 4064 400 4113 h.
420 4066 439 4112 t.
465 4064 498 4113 D.
517 4059 596 4124 27,9
624 4058 672 4127 (de
695 4062 775 4112 rebus
795 4076 887 4112 aarum
907 4062 951 4128 qui
968 4062 1018 4112 rub
1037 4060 1122 4111 tutela
1140 4059 1185 4110 vel
1206 4062 1364 4120 curarunt,

157 4138 213 4189 sine
232 4138 339 4188 decreto
359 4151 412 4186 non
422 4130 593 4198 alienandis).
616 4132 683 4184 (too.
697 4130 723 4196 5,
741 4128 783 4183 37.
803 4139 829 4184 at
848 4128 892 4183 72.
912 4148 966 4200 seq.
1002 4132 1167 4183 Iustiniunus
1184 4131 1242 4181 heae
1258 4130 1288 4181 in
1307 4131 1365 4181 Ins·

156 4208 321 4259 titutionibus
343 4207 397 4259 suis
417 4206 521 4257 silentio
541 4205 679 4272 praeteriit3
705 4220 763 4272 quae
781 4204 809 4254 iu
828 4201 851 4263 ἓ.
871 4203 896 4254 2.
914 4203 1012 4267 tradit,
1033 4203 1086 4254 aiio
1104 4203 1164 4254 loca
1185 4216 1365 4269 exponemus.

156 4278 463 4332 ffih euhe

106 4368 107 4376 ¹
192 4343 219 4415 7)
240 4278 283 4400 Ἐξ.
306 4347 331 4400 7.
352 4349 374 4409 ἓ.
396 4350 420 4400 1.
439 4351 472 4400 D.
483 4345 527 4409 26,
544 4341 561 4396 7
580 4342 628 4411 (de
645 4345 777 4398 administ.
787 4343 856 4408 tut).
876 4360 898 4396 u.
918 4346 960 4398 22.
979 4346 1007 4396 in
1027 4347 1045 4397 fi
1064 4343 1094 4396 G.
1104 4341 1130 4407 5,
1147 4340 1183 4396 37
1207 4341 1285 4410 (ead.
1304 4343 1366 4410 tra).

158 4407 181 4474 5.
199 4419 225 4472 4.
246 4421 274 4472 O.
293 4418 318 4482 5,
336 4417 371 4473 72
390 4417 510 4488 (quando
534 4417 639 4468 decreto
660 4432 728 4483 opus
746 4432 800 4469 non
822 4413 881 4481 est).

193 4489 222 4556 e)
241 4491 323 4544 ces.
343 4491 373 4544 c.
392 4489 418 4555 e,
436 4487 471 4543 er
492 4484 619 4554 (erae).
638 4486 696 4541 ae.
716 4484 782 4551 ce,
800 4485 835 4540 rt
856 4485 891 4555 (a
909 4475 1091 4540 meretrcem
1103 4468 1367 4552 rumam-em).
