2804 4966
557 335 640 372 cmxx
660 334 698 376 tv.
717 335 777 374 cnr.
796 335 836 374 rr.
1248 325 1301 381 ete

97 473 232 553 primum
258 468 298 530 dc
317 486 364 544 ee,
387 483 456 547 que
477 471 606 547 propter
628 466 690 528 vim
714 469 870 528 metumve
893 465 936 542 lit,
959 465 1133 530 videamus.
1177 468 1303 548 siquis
1352 533 1357 540 ,

98 573 182 636 enim
207 572 240 632 vi
263 567 315 631 vel
338 591 426 631 rosso
451 591 535 630 neno
559 568 596 629 nd
621 569 781 650 negotium
794 568 975 630 damnosum
989 569 1159 630 ineundum
1174 574 1301 633 coactus

100 677 181 747 erat,
207 667 326 748 duplici
350 669 398 728 vin
412 666 529 728 Praetor
550 669 648 747 captis
670 669 829 730 succurrit
851 673 904 729 nnt
926 686 1001 730 vern
1018 670 1047 730 in
1062 670 1221 751 integrum
1233 686 1306 731 res-

100 773 249 836 titutione
272 774 325 830 aut
347 774 450 830 metus
474 769 660 849 exceptione
686 769 737 830 vel
762 769 831 830 dntn
845 770 987 831 actione:
1012 787 1082 849 quae
1097 768 1305 848 dicitnrpeod

98 878 199 933 oretur
221 884 336 942 caeso3
360 886 420 948 qna
442 867 560 930 Praetor
583 868 625 944 id,
648 868 732 948 quod
753 873 855 930 metus
876 886 968 931 censo
992 875 1115 952 gestum
1140 874 1205 945 est,
1230 886 1303 931 res-

102 963 204 1036 cindit
217 974 264 1058 1);
299 973 358 1034 hcc
378 974 411 1032 in
434 990 470 1033 ec
493 971 658 1054 singulare
680 979 747 1049 est,
780 974 863 1052 quod
886 991 948 1035 non
972 973 1140 1050 sommis,
1165 974 1218 1053 qni
1240 973 1302 1034 vim

102 1074 190 1150 iecit,
215 1091 252 1135 en
278 1073 442 1135 conveniri
464 1077 578 1152 potest,
601 1073 657 1135 sed
679 1079 711 1135 et
727 1080 896 1136 extraneus
913 1073 1065 1153 bcnaeque
1078 1073 1150 1136 fidei
1163 1074 1209 1135 rei
1225 1090 1303 1152 pos-

102 1191 236 1249 sessor3
260 1192 328 1236 nem
352 1175 417 1236 haec
438 1175 520 1236 actio
543 1175 573 1234 in
598 1192 664 1236 rem
687 1177 802 1255 scriptu
827 1175 925 1263 est2).
971 1176 1002 1239 Si
1023 1192 1097 1237 reus
1119 1192 1182 1238 non
1204 1174 1303 1236 resti-

101 1278 174 1352 tuit,
200 1277 233 1336 in
257 1274 465 1355 quadruplum
488 1277 567 1336 intro
582 1293 695 1336 nnnum
712 1276 911 1338 condemnari
924 1277 1077 1362 potest³).
1113 1274 1146 1335 ln
1161 1273 1303 1354 simplum

101 1398 160 1460 per
197 1379 327 1460 triginta
362 1392 460 1438 annos
489 1393 555 1436 eom
588 1375 754 1437 instituere
777 1373 868 1437 licet:
901 1381 1017 1456 praeter
1044 1375 1124 1436 hanc
1150 1376 1303 1445 notionem

101 1483 195 1545 etinm
232 1479 378 1559 exceptio
406 1483 507 1539 metus
537 1475 576 1538 nd
608 1476 850 1540 rescindendum
883 1476 937 1553 id,
972 1475 1055 1555 quod
1087 1481 1211 1558 gestum
1244 1480 1304 1551 est,

101 1583 250 1663 competit
262 1580 289 1665 ⁴)

142 1685 280 1770 §.12⁴st
324 1682 371 1744 lle
395 1705 474 1743 conc
489 1704 570 1744 nico
592 1679 754 1766 notionel)
779 1680 859 1742 intra
880 1679 1037 1741 biennium
1058 1678 1221 1741 conveniri
1244 1695 1305 1759 pc-

103 1793 167 1850 test
179 1787 221 1874 ⁶),
244 1786 296 1864 qui
319 1799 507 1863 quacunque
532 1780 654 1853 icllocin
677 1779 811 1842 alterum
833 1782 1056 1856 circumvenit,
1091 1781 1122 1841 in
1149 1778 1283 1842 solidum
1296 1796 1305 1851 ;

101 1891 236 1968 eiusque
269 1884 424 1965 heredes,
460 1891 614 1964 quatenus
638 1884 865 1964 locupletiores
888 1901 926 1945 ec
954 1888 1028 1944 sunt
1057 1882 1183 1967 lactil).
1228 1877 1304 1940 Cum

99 1993 168 2052 baec
194 1988 278 2050 ectio
302 1986 419 2047 icrnosa
443 1987 498 2060 sit,
526 2002 586 2046 non
612 1983 719 2060 detur,
745 1986 806 2046 nisi
829 2001 898 2046 cum
920 1983 980 2046 elio
1004 1984 1127 2045 notione
1153 1968 1203 2043 ins
1226 1997 1305 2041 nos-

100 2096 184 2152 trum
217 2087 368 2167 persequi
399 2103 461 2146 non
492 2085 697 2165 possimus8).
741 2084 812 2148 lloli
843 2087 988 2165 exceptio
1022 2101 1149 2164 quoque
1182 2098 1307 2160 semper

100 2189 220 2270 opponi
244 2191 348 2267 potest
373 2188 412 2261 ei,
436 2188 488 2265 qui
511 2185 694 2248 iraudulose
718 2187 793 2267 egit.
827 2185 892 2248 Hae
914 2187 1036 2248 actione
1056 2185 1183 2265 proprie
1200 2183 1230 2242 in
1252 2182 1305 2241 in-

100 2296 227 2370 tegrum
251 2288 483 2347 restitutionem
508 2285 606 2367 vulgo
638 2303 700 2346 non
729 2288 949 2366 impetramus,
981 2285 1038 2347 sed
1071 2285 1304 2365 praestationem

101 2392 184 2464 eius,
207 2387 292 2468 quod
314 2387 448 2447 interest
459 2385 495 2466 ⁹).

142 2488 279 2571 §.1248
325 2487 512 2548 Restituitur
544 2510 637 2548 sitnon
673 2510 797 2549 vrorn‘ri
829 2504 970 2563 ournouc
1010 2508 1117 2561 Annis,
1157 2486 1303 2564 quicum

100 2589 208 2652 vnlidc
230 2582 443 2663 contraheret,
465 2589 497 2647 in
521 2586 741 2648 detrimentum
764 2586 874 2648 incidit
885 2588 939 2671 10).
973 2585 1023 2646 Nil
1046 2586 1179 2646 interest
1200 2589 1303 2645 utrum
1352 2631 1360 2635 ‚

98 2693 203 2753 minor
238 2689 352 2751 tutoris
386 2689 572 2749 auctoritate
604 2694 658 2748 nut
687 2689 841 2748 curatoris
877 2688 926 2748 sui
957 2701 1115 2748 consensu
1140 2687 1304 2770 negotium

95 2792 258 2875 gesserit3
290 2808 329 2851 nn
350 2787 439 2850 solus
462 2788 674 2863 contraxerit,
708 2805 777 2848 cum
799 2786 898 2867 pubes
920 2792 1095 2848 curatorem
1118 2806 1180 2850 non
1202 2788 1304 2850 bobe-

94 2899 146 2956 ret
160 2892 215 2977 l¹).
248 2890 316 2952 Non
338 2886 441 2950 solum
470 2889 608 2949 minores
628 2888 701 2968 ipsi,
725 2888 781 2948 sed
805 2889 897 2949 etiem
920 2885 1056 2949 heredes
1079 2906 1188 2950 eorum
1208 2890 1240 2951 in
1252 2892 1306 2952 in-

96 2999 223 3074 tegrum
249 2992 482 3052 restitutionem
509 2997 619 3071 petere
642 2997 785 3072 possunt,
808 3008 950 3052 necnon
972 2990 1120 3066 minores,
1144 2993 1171 3052 si
1194 3008 1306 3055 annum

94 3090 194 3154 XXV.
206 3097 449 3172 superaverunt,
461 3092 539 3153 intra
555 3093 794 3172 quadriennium
807 3091 860 3173 12).
885 3091 970 3154 Varii
995 3098 1097 3154 tamen
1110 3097 1184 3154 sunt
1203 3110 1306 3171 casus

96 3194 129 3254 in
154 3191 268 3271 quibus
292 3191 378 3253 nulla
403 3191 495 3263 datur
517 3195 676 3256 restitutio
686 3194 739 3279 15).

142 3291 340 3354 Fideiussori
364 3310 491 3372 quoque
514 3297 654 3371 minoris,
676 3294 790 3357 aliisve
814 3314 871 3376 pro
892 3314 930 3359 eo
943 3296 1091 3378 obligatis
1104 3300 1135 3358 in
1148 3299 1305 3379 integrum

203 3770 208 3782 .
265 3773 271 3784 .
291 3729 333 3784 27.
354 3736 374 3785 1.
393 3731 420 3795 4,
438 3732 454 3784 6
474 3731 521 3797 (de
543 3730 715 3798 actionibus).
736 3737 767 3786 r'r.
788 3732 829 3786 14.
849 3734 873 3794 ἓ.
893 3734 917 3786 1.
937 3731 963 3785 4.
981 3736 1015 3785 Ι).
1036 3733 1097 3785 eod.
1152 3734 1154 3737 ’

213 3805 222 3853 i
242 3843 247 3854 .
267 3801 311 3867 44,
330 3802 347 3855 4
366 3803 413 3867 (de
433 3805 488 3855 doli
509 3807 551 3856 vel
572 3811 658 3856 metue
679 3803 858 3873 exceptione).
1182 3822 1183 3825 ’

185 3876 246 3940 Dig.
265 3873 292 3936 4,
313 3873 337 3926 3.
356 3875 422 3927 Ood.
445 3873 470 3938 2,
489 3876 521 3926 21
543 3875 590 3938 (de
612 3877 674 3927 dolo
693 3876 786 3943 melo).

184 3946 227 3995 Fr.
247 3947 292 3996 ult.
314 3939 387 4011 (eod.
407 3941 465 4010 tit).
566 3943 593 4010 7)
613 3949 656 3999 Fr.
677 3947 799 4002 26.-29.
819 3951 853 3999 Ι).
873 3945 933 4000 eod.
954 3947 992 3997 tit.

186 4017 227 4067 Fr.
247 4017 271 4069 1.
291 4015 314 4076 ἓ.
333 4019 357 4069 1.
379 4015 405 4068 4.
423 4019 454 4067 fr.
473 4013 498 4067 7.
517 4035 555 4083 pr.
577 4017 600 4076 ἓ.
622 4017 646 4069 1.
665 4021 697 4071 D.
718 4021 779 4072 eod.
799 4020 838 4070 tit.

136 4087 164 4154 9)
185 4087 254 4139 Sunt
271 4093 361 4140 tamen
376 4090 493 4157 quinque
514 4103 601 4152 cesus,
619 4089 647 4139 in
666 4092 762 4158 quibus
783 4091 817 4141 ob
841 4091 933 4143 dolum
943 4104 1009 4142 nera
1024 4092 1042 4140 i.
1052 4091 1068 4140 i.
1088 4090 1219 4142 restitutio
1241 4088 1297 4139 deri

98 4162 177 4215 solet.
216 4178 239 4211 c.
255 4159 402 4226 Venyerow
421 4160 486 4211 ibid.
508 4161 569 4211 Nro.
590 4161 637 4212 ΠΙ.
936 4154 940 4164 ’

118 4228 165 4295 10)
184 4230 244 4295 Dig.
265 4228 292 4292 4,
309 4229 335 4280 4.
356 4232 422 4282 (lod.
442 4231 467 4293 2,
487 4228 521 4281 22
541 4228 587 4295 (de
605 4232 749 4282 minoribus
767 4231 862 4296 viginti
881 4231 997 4299 quinque
1017 4228 1115 4295 ernist

120 4302 153 4355 11
189 4302 255 4352 (lod.
275 4299 301 4365 2,
323 4298 358 4352 25
377 4300 410 4363 (si
428 4306 499 4353 tutor
517 4302 560 4353 vel
579 4307 685 4354 curator
705 4298 866 4367 intervenit).

119 4373 154 4426 12
189 4373 218 4423 G.
237 4372 284 4422 ult.
306 4371 334 4422 0.
357 4373 382 4436 2,
403 4371 437 4425 53
456 4370 506 4438 (tit.
530 4370 593 4437 cit).
614 4375 646 4423 fr.
667 4371 709 4423 18.
729 4373 751 4432 ἓ.
772 4374 818 4424 ult.
836 4377 868 4425 fr.
890 4372 932 4424 19.
952 4373 984 4422 D.
1003 4366 1030 4434 4,
1049 4370 1067 4422 4
1086 4367 1136 4428 (tit.
1157 4369 1220 4438 cit).

118 4442 166 4508 13)
187 4444 381 4496 Enumerantur
397 4444 426 4494 in
448 4445 661 4496 Commentariis
680 4448 746 4496 meir
766 4445 783 4494 l.
803 4461 826 4494 c.
844 4462 870 4511 p.
881 4438 1039 4496 558.-559.
1059 4447 1086 4494 et
1106 4441 1180 4509 apud
1196 4461 1221 4496 c.
1233 4443 1305 4495 Van-

97 4531 191 4584 ,ενοω
210 4511 233 4572 e.
253 4511 313 4565 183.

131 4608 133 4612 ·
1123 4609 1158 4662 23
