2804 4966
514 109 595 149 nanu
614 111 657 149 ur.
676 111 733 154 ena.
754 113 795 153 ur.
1201 109 1252 163 241

20 219 194 307 ,bendum
215 247 337 324 petunt,
357 241 437 303 bona
460 239 712 305 fideconsumtos
735 243 904 305 condicunt
918 246 957 332 ¹).
983 245 1068 309 idem
1091 248 1256 312 dicendum

46 353 122 423 est,
145 347 172 408 si
194 345 265 424 quis
287 359 429 404 nummos
452 340 574 405 alienos
596 349 720 405 mutuos
742 343 913 430 dederint).
958 345 1133 411 Periculum
1157 354 1259 413 tamen

50 454 167 507 eorum
194 462 320 524 semper
342 460 441 523 penes
465 444 669 524 accipientem
695 461 766 505 esse
791 445 908 506 debere
934 446 1070 523 videtur,
1094 457 1166 528 quia
1189 453 1257 513 eius

56 544 172 607 tantum
195 546 312 606 utilitas
335 546 368 605 in
387 549 549 605 contractu
573 545 778 626 spectaturi).

101 646 216 728 §.az-33.
260 645 400 707 Mutuum
433 645 616 725 accipiendo
648 648 811 725 pecuniam
844 645 1026 728 obligantur
1053 666 1179 726 omncs,
1206 655 1257 730 qui

62 746 194 828 obligari
215 752 366 827 possunt;
397 745 642 809 filiifamiliarum
666 753 786 824 tamen,
821 748 935 827 quibus
957 749 1076 828 absque
1099 768 1257 814 consensu

61 850 153 927 patris
180 849 314 928 pecunia
334 848 453 910 credita
476 847 582 925 suerit,
608 849 772 909 conveniri
797 848 907 909 exboc
921 854 1082 910 contractu
1096 856 1258 928 nequeunt

61 946 510 1028 propterSenatusconsultum
527 948 794 1023 Macedonianum,
818 966 880 1028 quo
901 953 1049 1010 cavetur:
1074 967 1112 1009 ne
1139 951 1179 1025 ei,
1202 950 1255 1028 qui

60 1046 258 1111 filiofamilias
283 1051 445 1129 pecuniam
469 1049 603 1110 credidit
633 1050 701 1110 sine
733 1044 830 1129 patris
853 1066 1031 1125 consensu,
1065 1068 1123 1111 nec
1148 1057 1255 1112 contra

59 1149 152 1212 tilium
176 1152 283 1227 etiam,
305 1156 471 1230 postquam
494 1152 543 1211 sui
566 1151 643 1212 iuris
668 1156 727 1225 est,
751 1168 810 1211 nec
825 1156 932 1212 contra
953 1156 1070 1229 patrem
1094 1151 1175 1212 actio
1199 1151 1258 1211 dc-

58 1257 107 1313 tur
117 1252 157 1337 4).
203 1251 362 1324 Naturalis
385 1256 489 1313 tamen
513 1250 665 1333 obligatio
690 1251 845 1327 subsistit,
870 1257 902 1312 et
922 1252 1005 1331 quod
1022 1249 1105 1314 iilius
1130 1252 1182 1323 vel
1198 1270 1257 1332 pa-

57 1358 104 1414 ter
130 1352 311 1429 solverunt,
334 1358 479 1433 repetere
503 1369 566 1413 non
587 1351 772 1437 possunt⁶).

466 1541 533 1592 riu.
552 1543 587 1592 11.
623 1542 672 1592 ou
692 1536 860 1606 usdrusu.

97 1678 131 1756 ξ.
148 1675 222 1740 834.
268 1675 299 1738 Si
322 1692 386 1750 reS,
410 1692 479 1754 quae
499 1691 646 1749 numero,
669 1673 830 1753 pondere,
854 1689 999 1733 mensura
1023 1678 1177 1751 constant,
1200 1676 1260 1738 dc-

53 1774 195 1853 bentur,
218 1776 392 1857 sepissime
420 1793 479 1856 pro
512 1792 571 1835 usu
600 1791 705 1836 earum
726 1776 866 1854 praestito
891 1773 943 1834 vel
967 1772 1058 1835 alteri
1079 1776 1219 1839 detracto
1243 1799 1259 1840 a

56 1877 269 1954 debitoribus,
290 1883 405 1957 praeter
429 1893 480 1937 res
504 1877 590 1955 ipsas
613 1875 716 1936 adhuc
740 1883 859 1937 dsunnn
882 1880 1080 1954 praestantur.
1105 1876 1182 1938 Sunt
1199 1896 1259 1938 au-

55 1983 120 2039 tem
142 1994 248 2039 usurae
271 1975 322 2038 vel
346 1977 450 2037 toenus
475 1976 713 2050 incrementum,
737 1975 820 2053 quod
843 1976 920 2036 sorti
941 1964 1073 2049 accedit,
1096 1976 1127 2036 in
1150 1976 1259 2039 eodem

57 2096 183 2162 genere
207 2074 413 2151 solvendum3
445 2076 541 2154 idque
562 2092 624 2136 non
648 2074 762 2151 solum,
786 2077 1013 2155 cumpecunia,
1037 2076 1093 2137 sed
1118 2078 1209 2139 etiam
1232 2080 1259 2139 si

59 2195 261 2260 quaeeunque
285 2177 354 2239 aliae
376 2175 595 2239 huiuscemodi
619 2176 850 2252 resdebentur,
874 2193 944 2254 quae
967 2179 997 2236 in
1022 2195 1141 2258 genere
1165 2177 1258 2239 iunc-

56 2283 179 2344 tionem
205 2279 372 2358 recipiunt.
427 2276 609 2339 consistunt
635 2293 741 2337 usurae
773 2293 897 2354 semper
935 2276 965 2335 in
997 2275 1092 2336 rebus
1116 2277 1255 2339 eiusdem

57 2381 213 2465 generis,
238 2397 335 2459 quare
357 2379 490 2459 pecunia
514 2394 572 2458 pro
593 2394 651 2438 usu
673 2377 826 2456 pecuniae,
851 2381 882 2436 et
906 2375 1092 2437 trumentum
1116 2393 1173 2456 pro
1199 2394 1257 2438 usu

56 2480 209 2545 frumenti
229 2483 395 2560 praestatur
407 2477 444 2563 ⁷).

100 2580 214 2664 §.aaa
259 2578 445 2661 Obligamur
466 2576 505 2640 ad
527 2593 639 2639 usuras
663 2576 855 2656 praestandas
884 2581 938 2635 aut
967 2594 1006 2636 ex
1036 2578 1258 2654 conventione,

56 2684 88 2746 id
116 2688 176 2757 est,
200 2697 240 2741 ex
260 2678 462 2759 stipulatione
491 2676 543 2738 vel
574 2695 613 2738 ex
636 2683 726 2756 pacto
748 2675 961 2737 contractibus
984 2677 1124 2751 adiecto;
1147 2685 1200 2739 aut
1221 2698 1261 2740 ex

56 2801 149 2859 mora
172 2781 203 2841 in
228 2779 383 2841 solvendo
406 2778 590 2853 commissa,
629 2782 660 2837 et
691 2775 751 2837 hoc
775 2776 900 2855 quidem
923 2779 954 2837 in
975 2777 1066 2838 bonae
1088 2777 1160 2839 iidei
1183 2797 1261 2841 con-

56 2880 216 2945 tractibus
240 2897 279 2940 ex
301 2879 415 2940 iudicis
439 2877 562 2953 officio,
585 2883 638 2938 aut
662 2876 799 2954 denique
824 2875 957 2958 exlege
980 2878 1000 2939 i.
1026 2896 1054 2939 e.
1078 2880 1147 2958 ipso
1169 2881 1260 2942 iure:

58 3000 91 3045 v.
118 3001 145 3044 c.
170 2998 228 3062 pro
251 2979 353 3042 damni
376 2979 440 3040 dati
463 2979 678 3039 aestimatione.

102 3087 135 3165 ξ.
158 3079 231 3144 836.
274 3079 386 3141 Modus
413 3083 516 3140 autem
539 3095 719 3152 usurarum,
748 3083 782 3137 ut
802 3079 882 3158 apud
905 3096 1013 3140 omnes
1035 3079 1186 3158 populos,
1220 3081 1261 3142 ita

57 3198 190 3266 quoque
225 3198 349 3260 semper
374 3179 455 3259 apud
480 3179 653 3254 Romanos,
684 3184 751 3239 erat
776 3179 999 3262 restrictus⁸);
1034 3184 1065 3239 et
1084 3180 1263 3241 novissimis

57 3283 188 3365 quidem
213 3279 339 3362 iegibus
365 3280 407 3341 ita
432 3285 481 3339 est
510 3277 674 3352 definitus,
706 3282 739 3336 ut
768 3295 829 3337 non
861 3278 996 3347 maiores
1027 3294 1118 3355 quam
1149 3294 1262 3339 usuras

57 3384 213 3449 semisses
235 3381 266 3442 b.
279 3397 307 3442 e.
331 3379 488 3441 dimidiam
509 3375 687 3440 centesimae
708 3383 826 3457 partem
848 3394 998 3438 exercere
1013 3376 1134 3438 civibus
1157 3377 1260 3455 liccat,

96 3637 126 3706 1)
144 3626 189 3691 r'r.
210 3638 251 3693 ro.
270 3639 294 3700 o.
316 3638 340 3690 1.
358 3640 392 3689 n.
411 3639 438 3690 n.
458 3643 476 3689 a
496 3636 520 3696 s.
539 3637 566 3689 a.
585 3637 606 3688 1.
625 3633 685 3701 aa
705 3633 815 3704 (quibus
834 3634 953 3686 anenno
972 3630 1053 3699 laea.
1137 3668 1139 3672 .

94 3710 125 3777 2)
144 3712 189 3763 Fr.
210 3710 252 3763 13.
272 3710 295 3770 §-
317 3710 342 3761 1.
360 3712 392 3761 fr.
415 3706 457 3760 16.
477 3705 509 3758 D.
528 3709 555 3758 h.
573 3713 592 3758 t.
693 3706 721 3772 3)
742 3709 803 3772 Arg.
825 3709 856 3757 fr.
875 3706 916 3756 11.
933 3722 971 3772 pr.
991 3708 1025 3755 D.
1044 3706 1071 3757 h.
1090 3711 1111 3757 t.

95 3780 127 3849 4)
145 3777 208 3848 Dig.
229 3780 271 3845 14,
292 3779 308 3832 6
333 3778 382 3846 (de
407 3779 476 3832 soro
498 3776 719 3844 Macedonicae).
747 3779 814 3829 Ood.
831 3774 858 3840 4,
878 3773 921 3829 28.
947 3775 970 3836 ἓ.
989 3773 1015 3827 7.
1039 3777 1061 3827 Ι.
1082 3773 1152 3840 4,7
1178 3775 1263 3844 (qnod

59 3869 123 3906 aum
142 3870 185 3916 ao,
204 3855 293 3922 quiin
311 3853 400 3903 aliena
418 3855 549 3917 potestate
572 3847 632 3914 est).
979 3856 998 3897 s

96 3921 127 3990 5)
146 3925 190 3975 m.
207 3923 252 3979 do.
267 3939 310 3991 pr.
328 3926 361 3975 D.
382 3921 426 3986 12,
444 3920 460 3973 6
480 3918 525 3987 (de
544 3921 659 3972 condiet.
678 3916 792 3983 indeb.).

98 3993 128 4061 6)
146 3998 181 4046 Ι).
201 3994 245 4057 22,
261 3996 287 4047 1.
307 3994 375 4046 cod.
393 3992 419 4058 4,
437 3991 472 4046 32
493 3993 540 4059 (de
558 3989 666 4056 usuris).
704 3991 809 4057 Manna
826 3988 866 4051 ἓξ.
885 3987 1043 4042 266.»269.

96 4063 127 4202 g}
143 4064 475 4198 galilo’aggacunlbiatrim
500 4134 572 4185 malo
597 4137 678 4184 antea
702 4131 839 4182 intellecto
860 4132 923 4182 vido
944 4131 1082 4190 Niebuhr,
1110 4131 1188 4182 Rom.
1210 4131 1259 4185 Ge,-

59 4211 181 4266 nabau
206 4208 271 4260 edit.
289 4208 310 4259 1.
329 4212 348 4258 t
367 4206 393 4259 2.
411 4203 738 4273 p.431..etscbroder‚
768 4202 892 4269 Huyoaic
911 4203 1026 4254 Oioa'ttat.
1050 4199 1181 4270 Muqam‘n
1198 4206 1217 4252 t.
1236 4200 1261 4252 5.

58 4278 161 4351 p.180.
198 4278 323 4345 Hupoac't
342 4278 437 4331 beator.
459 4277 528 4329 iwrio
545 4277 657 4329 romoni
672 4272 695 4332 b.
718 4271 760 4326 95.

1060 4365 1095 4420 16
