2798 4972
478 334 558 372 mass
578 334 609 370 rr.
628 334 695 370 suas
707 334 725 370 1.
745 332 802 374 cas.
814 333 855 372 ιιι,
1217 320 1268 376 121

119 486 189 538 mn
209 485 243 537 v.
281 481 417 548 aomos
435 482 547 536 uoms
568 481 792 536 susurrores
814 482 922 537 noers
942 470 1209 547 aeoursu'urua.

106 624 137 703 ξ.
148 619 224 684 430.
269 619 445 682 servitutes
468 624 528 681 tam
550 635 755 699 personarum
772 636 862 698 quam
879 618 1066 699 prediorum
1081 617 1182 679 tribus
1198 636 1269 679 mo-

63 720 115 782 dis
138 718 389 782 constituuntur:
421 724 622 795 testamenta,
645 718 892 795 adiudicatione,
913 720 1013 799 pactis
1037 725 1069 781 et
1088 718 1270 800 stipulatio-

62 820 170 884 nibus.
215 818 370 882 Praeterea
393 818 581 901 praediorum
604 820 774 880 servitutes
796 820 885 882 etiam
908 818 1002 902 longa
1027 820 1116 900 quasi
1136 836 1270 898 posses-

61 921 155 983 sione
178 920 397 999 soquiruntur,
422 924 454 980 et
478 919 660 979 usufructus
683 917 767 1001 lege.

106 1024 138 1104 ξ.
151 1020 225 1087 431.
269 1016 467 1081 'festamento
491 1018 724 1080 constituuntur
751 1021 922 1081 servitutes
946 1036 1015 1099 quae
1036 1019 1200 1101 legentum
1238 1027 1269 1083 et

65 1125 174 1209 legari
197 1122 301 1186 solent
329 1137 391 1181 non
416 1117 516 1180 solum
542 1119 761 1195 ususfructus,
793 1136 870 1181 usus
899 1125 930 1181 et
956 1119 1125 1197 habitatio,
1157 1140 1268 1185 verum

61 1227 157 1288 etiam
185 1222 376 1304 praediorum
398 1221 571 1282 servitutes
585 1220 623 1305 ¹).
667 1218 951 1305 Adiudicationel)
976 1226 1035 1282 tam
1058 1221 1264 1285 ususfructus

62 1343 157 1407 quam
176 1322 366 1405 praediorum
385 1322 558 1382 servitutes
581 1321 727 1382 constitui
751 1326 884 1401 possunt
905 1322 936 1383 in
953 1322 1078 1384 iudiciis
1095 1321 1267 1401 divisoriis,

63 1425 183 1508 quibus
213 1429 244 1486 et
267 1422 435 1486 dominium
466 1421 557 1483 nobis
589 1422 775 1500 acquiritur.
819 1421 949 1495 Quando
980 1421 1054 1506 lege
1086 1425 1268 1503 acquiratur

63 1523 280 1598 ususfructus,
303 1522 371 1583 suis
392 1538 518 1601 semper
539 1518 618 1582 locis
641 1519 799 1595 dicemus;
826 1527 926 1584 restat
948 1523 1046 1604 igitur
1067 1530 1101 1586 ut
1125 1523 1163 1587 de
1186 1525 1267 1587 reli-

62 1625 135 1706 quis
159 1622 322 1685 servitutis
345 1620 572 1683 constituendae
593 1621 692 1683 modis
716 1620 926 1702 dispiciamus.

107 1722 223 1807 §.432
268 1722 328 1795 Qui
348 1721 431 1781 inter
449 1721 539 1782 vivos
555 1720 609 1782 alii
623 1720 860 1798 usumfructum,
883 1722 934 1783 vel
948 1721 1075 1802 aliquod
1091 1725 1141 1786 ius
1156 1726 1265 1807 praedii

61 1827 259 1889 constituere
281 1821 369 1897 velit,
390 1821 587 1901 pactionibus
612 1827 644 1882 ct
659 1821 914 1900 stipulationibus
927 1822 959 1884 id
973 1823 1100 1886 efficere
1114 1827 1140 1908 ³)
1162 1826 1266 1889 debet.

64 1926 278 1988 Traditionem
293 1925 464 2021 servitutes
479 1940 541 1985 non
559 1923 726 2003 recipiunt,
749 1926 894 2003 quoniam
908 1925 1125 2006 incorporales
1143 1927 1266 2012 sunt⁴).

62 2027 208 2107 Antiquo
230 2027 301 2087 iure
323 2024 411 2086 civili
435 2029 495 2085 tam
525 2024 726 2086 ususfructus
757 2043 846 2105 quam
877 2025 1065 2107 praediorum
1094 2028 1266 2089 servitutes

61 2129 95 2191 in
122 2126 232 2190 ltalico
254 2127 324 2189 solo
346 2144 405 2206 per
427 2127 459 2186 in
488 2126 557 2187 iure
580 2127 754 2188 cessionem
777 2126 1041 2197 concedebantur.
1086 2127 1157 2189 lura
1181 2144 1267 2207 prae-

63 2229 189 2291 diorum
212 2227 402 2288 rusticorum
419 2224 510 2286 ctiam
525 2225 694 2304 mancipari
706 2231 851 2306 poterant
861 2224 902 2311 ⁵).
947 2225 982 2286 ln
996 2227 1183 2306 provinciali
1197 2227 1267 2291 solo

65 2330 128 2391 iem
154 2333 216 2389 tum
237 2326 435 2406 pactionibus
464 2329 495 2388 ct
516 2325 770 2405 stipulationibus
796 2327 1066 2389 constituebantur
1079 2327 1124 2415 ⁶),
1153 2333 1185 2390 et
1207 2327 1268 2390 boc

63 2431 116 2491 ius
139 2446 157 2489 a
182 2427 356 2489 fustiniano
378 2432 539 2506 receptum
562 2432 620 2488 est.

111 2526 227 2610 §.433
273 2526 498 2613 Stipulationes
518 2545 608 2604 vero,
631 2528 744 2609 quibus
766 2529 932 2591 utebantur
953 2536 1078 2592 veteres
1101 2530 1132 2590 in
1146 2530 1268 2591 consti·

64 2626 192 2690 tuendis
214 2627 435 2704 servitutibus,
460 2629 507 2690 bae
529 2634 621 2690 surrt:
648 2635 682 2689 ut
701 2630 740 2705 is,
764 2631 817 2709 qui
832 2630 880 2690 ius
893 2631 1058 2692 servitutis
1072 2628 1165 2705 cedit,
1190 2633 1268 2712 pro-

62 2731 184 2792 mittat:
208 2747 322 2808 perse
344 2747 405 2791 non
429 2729 507 2807 fieri,
530 2747 635 2810 neque
654 2749 710 2811 per
726 2730 874 2793 heredem
891 2733 972 2807 eius,
995 2733 1159 2812 quominus
1176 2730 1267 2792 alteri

61 2831 111 2893 uti
135 2829 216 2907 frui,
239 2836 294 2892 aut
313 2832 360 2893 ire
382 2851 481 2914 agere
502 2831 614 2894 liceat:
645 2834 720 2896 item
740 2851 800 2913 per
824 2851 893 2895 eum
919 2833 962 2894 nil
985 2833 1071 2909 fieri,
1101 2831 1267 2913 quominus

61 2930 234 2993 luminibus
256 2933 474 3012 vicinipraedii
489 2933 700 3020 officiaturf);
723 2933 774 2995 vel
789 2940 823 2995 ut
839 2935 918 2996 alter
933 2933 1112 3015 stipuletur,
1136 2934 1180 2995 uti
1203 2931 1265 2993 frui
1381 3014 1382 3017 Ἴ

60 3031 124 3094 sibi
150 3030 299 3118 liceret).
345 3032 405 3095 Sed
428 3052 467 3095 an
492 3035 656 3097 servitutis
681 3036 771 3115 quasi
794 3034 920 3098 traditio
941 3034 1121 3098 necessaria
1144 3033 1203 3111 sit,
1233 3038 1268 3094 ut

59 3131 160 3214 pleno
180 3132 250 3194 iure
272 3135 465 3213 acquirentis
487 3133 550 3211 fiat,
574 3137 738 3215 quaesitum
762 3142 810 3198 est
822 3135 860 3222 9).
912 3136 1059 3210 Quamvis
1081 3153 1158 3197 vero
1180 3132 1267 3196 utilis

60 3291 261 3302 ———-

99 3380 127 3449 1)
149 3382 172 3442 ἓ.
194 3382 219 3434 1.
240 3384 260 3434 1.
278 3380 304 3444 2,
321 3380 339 3434 4
359 3380 404 3448 (de
423 3380 581 3449 usufructu).
607 3379 638 3433 D.
658 3381 702 3447 33,
722 3383 738 3435 2
759 3381 805 3450 (de
824 3399 874 3435 usu
893 3389 919 3434 et
939 3384 1074 3435 usufruotu
1093 3381 1205 3449 legato).
1234 3380 1266 3435 D.

59 3451 108 3518 33,
129 3452 146 3505 3
167 3451 216 3520 (de
235 3454 360 3506 servitute
378 3451 489 3520 legata).
509 3454 580 3507 Usus
599 3456 705 3506 nonnisi
723 3456 812 3521 legato
833 3456 956 3507 constitui
974 3471 1053 3523 posse
1073 3455 1186 3507 videtur.
1308 3512 1310 3517 ἱ

99 3522 129 3588 2)
149 3525 174 3585 §-
191 3524 270 3578 4-6.
297 3525 318 3576 1.
339 3524 366 3588 4,
385 3523 429 3577 17’
445 3523 493 3590 (de
515 3527 585 3577 offic.
603 3524 683 3591 iud).
707 3528 737 3576 fr.
756 3526 782 3578 6.
807 3528 830 3587 ἓ.
849 3528 874 3577 1.
901 3525 930 3578 D.
948 3525 1010 3589 7,1
1037 3527 1084 3592 (de
1107 3524 1268 3591 usufructu).

59 3597 94 3647 fr.
113 3596 158 3650 22.
176 3597 200 3656 §-
218 3596 244 3649 3.
266 3593 297 3647 D.
317 3596 361 3660 10,
380 3595 396 3647 2
416 3594 511 3661 (tamti.
533 3594 666 3662 bessiae).
838 3602 842 3607 “

63 3665 128 3806 ((13)
148 3666 216 3805 14).
237 3669 258 3721 1.
278 3668 303 3732 2,
326 3667 344 3720 3
371 3664 518 3735 (deserv.)
543 3669 566 3727 ἐ.
586 3667 611 3720 1.
637 3670 657 3719 1.
677 3667 702 3719 2.
721 3666 739 3720 4
761 3665 809 3734 (de
829 3664 919 3733 usui).
946 3670 977 3720 fr.
997 3666 1039 3720 27.
1065 3667 1088 3730 ἓ.
1107 3668 1133 3722 7.
1156 3666 1186 3722 D.
1204 3668 1266 3735 7‚1

98 3741 223 3792 eusuf..

97 3807 128 3874 4)
148 3811 209 3862 Gal.
232 3811 256 3863 2.
276 3809 299 3870 §-
319 3809 361 3864 19.
381 3807 424 3861 28.

98 3879 554 4017 ἓ)1111.2.ἓὲ231ἰ-30.32.33.
592 3882 654 3950 Ulp.
673 3881 744 3933 xlx.
765 3882 789 3934 2.
825 3882 912 3935 Vatia.
931 3882 949 3933 i.
968 3900 988 3934 r.
1007 3886 1101 3950 fragm.
1120 3888 1144 3949 ς.
1164 3882 1207 3937 50.

150 3954 210 4006 Gai.
232 3954 256 4006 2.
294 3989 300 4003 .
357 3991 363 4003 .

97 4021 126 4088 7)
146 4026 189 4076 Fr.
208 4023 234 4077 2.
253 4025 277 4085 §.
297 4021 321 4075 5.
340 4026 371 4075 fr.
390 4023 416 4077 4.
437 4023 459 4083 ἓ.
479 4025 504 4076 1.
524 4027 554 4076 fr.
574 4023 617 4078 38.
637 4023 659 4084 1.
672 4022 696 4075 6.
715 4026 747 4074 fr.
766 4021 808 4077 49.
830 4023 852 4084 ἓ.
864 4024 889 4076 2.
908 4027 939 4075 fr.
959 4022 1001 4077 75.
1022 4022 1077 4083 17.
1094 4027 1126 4075 fr.
1146 4021 1189 4074 85.
1206 4022 1229 4083 §-
1242 4022 1267 4076 3.

59 4097 94 4147 fr.
115 4096 175 4148 111.
192 4098 224 4147 fr.
243 4095 304 4149 131.
323 4112 362 4161 pr.
383 4093 414 4147 D.
432 4093 506 4158 diat
533 4095 580 4163 (de
600 4116 625 4150 v.
645 4092 708 4161 ob).
728 4097 758 4145 t‘r.
780 4095 820 4148 19.
840 4113 878 4162 pr.
900 4093 929 4146 D.
949 4093 1005 4158 7,]
1030 4093 1076 4162 (de
1095 4092 1197 4160 usust.)-

98 4162 126 4230 8)
150 4168 194 4218 Fr.
215 4165 258 4220 38.
280 4167 303 4226 1·
324 4165 437 4220 10-12.
460 4163 490 4218 D.
508 4166 554 4232 45,
573 4169 598 4221 1.

99 4234 127 4301 3)
147 4240 300 4292 Communis
320 4241 382 4290 olim
402 4243 459 4291 erat
479 4241 649 4307 interpretum
669 4239 776 4305 opinio,
796 4238 902 4289 nonnisi
922 4237 1138 4306 quasitraditione
1156 4236 1196 4286 ius
1215 4249 1268 4286 ser-

60 4309 152 4362 vitutis
178 4311 291 4380 acquiri:
318 4311 478 4362 contrariam
503 4312 661 4363 sententiam
681 4311 796 4377 probare
822 4310 899 4376 coepit
920 4311 947 4362 J.
967 4311 1138 4362 Scbms'dfea'n
1155 4308 1183 4358 in
1202 4308 1265 4358 Ds‘a-

61 4389 128 4432 sert.
146 4384 275 4448 innuptas.
302 4381 432 4448 Gdttingae
461 4379 530 4434 1823
558 4383 704 4450 publicata.
740 4382 805 4433 Eius
828 4381 975 4432 doctrinam
1000 4380 1078 4432 novis
1105 4377 1268 4444 argumentis

63 4449 196 4504 adhibitis
220 4456 313 4504 eontra
340 4452 553 4505 adversariorum
579 4448 726 4504 tentamina
750 4452 920 4503 defendimus
948 4456 1028 4519 atque
1052 4452 1215 4502 firmavimus
1240 4449 1268 4499 in

64 4520 165 4576 Arabio
176 4525 231 4592 fiir
251 4526 330 4578 otest.
349 4524 462 4588 Promis,
481 4529 500 4576 1.
519 4524 562 4577 12.
581 4543 607 4592 p.
625 4523 667 4577 52.
686 4531 712 4576 01
729 4524 757 4575 in
776 4523 921 4587 Themide,
942 4528 959 4574 1.
968 4522 992 4576 9.
1011 4541 1037 4589 p.
1048 4519 1162 4575 57-89.
1191 4523 1268 4574 Com·
