2804 4966
562 300 643 339 uun
662 302 705 340 ιιι.
725 301 784 340 oar.
806 302 845 340 ιι.
1257 297 1308 353 251

95 439 280 503 ³dmittitur
299 438 428 513 socius,
460 435 489 498 ei
516 439 635 497 tantum
658 435 766 497 socius
789 439 855 510 est,
886 435 940 514 qui
962 432 1105 499 admisit:
1141 455 1210 500 nam
1231 441 1311 503 socii

97 541 165 602 mei
187 539 307 616 socius,
328 539 435 601 socius
458 552 546 600 meus
568 553 631 598 non
652 539 702 597 est
715 536 754 622 ¹).
1239 520 1243 529 ’

144 644 179 725 ξ.
192 641 264 708 915.
308 637 450 703 Solvitur
471 637 607 698 societas
632 652 672 696 ex
693 635 850 715 personis,
876 652 916 697 ex
938 635 1045 712 rebus,
1068 652 1109 697 ex
1131 635 1306 715 voluntate,

99 760 144 806 ox
166 742 312 804 actione:
335 742 490 820 praeterea
511 741 665 817 tempore,
689 737 716 798 si
739 736 778 798 ad
800 740 1011 831 tempuslerat
1032 737 1243 825 contracta²).

143 847 178 925 ξ.
192 839 265 906 916.
310 838 357 900 Ex
377 832 528 919 personis
545 836 684 899 solvitur
698 837 828 899 interitu
844 853 1061 916 personarum,
1084 853 1154 916 quae
1170 838 1311 901 societa-

100 948 168 1004 tem
193 942 347 1003 coierunt.
392 937 555 1000 lntereunt
575 942 678 999 autem
700 937 842 1000 homines
864 938 994 999 maxima
1018 943 1050 998 et
1076 937 1176 1000 media
1199 940 1309 1020 eapitis

101 1041 322 1118 diminutione,
344 1045 398 1101 ant
418 1045 519 1101 morte
533 1038 577 1127 8);
603 1043 634 1100 et
657 1038 736 1100 adeo
757 1043 857 1101 morte
880 1037 1016 1099 solvitur
1030 1040 1178 1113 societas,
1200 1045 1235 1101 ut
1250 1058 1309 1103 nec

100 1141 141 1204 ab
177 1140 268 1202 initio
297 1139 432 1219 pascisci
461 1141 636 1219 possimus,
654 1144 703 1201 out
731 1139 824 1200 heres
854 1139 947 1200 etiarn
973 1138 1122 1201 succedat
1144 1141 1309 1203 societati.

102 1241 167 1305 Sed
189 1242 280 1304 initio
301 1241 467 1304 conveniri
488 1246 603 1320 potest,
630 1246 664 1302 nt
686 1258 749 1302 uno
770 1241 929 1302 sociorum
952 1239 1113 1317 defuncto,
1135 1241 1217 1303 inter
1229 1241 1310 1303 reli-

101 1357 187 1423 quos
208 1341 345 1403 societas
367 1325 514 1404 manenti
532 1359 596 1420 quo
618 1346 709 1421 pacto
730 1346 831 1402 temen
856 1340 899 1417 fit,
923 1346 957 1400 ut
977 1346 1050 1421 post
1071 1343 1165 1403 unius
1180 1348 1311 1405 mortem

99 1460 186 1506 nova
213 1441 351 1504 societas
375 1442 518 1503 contrahi
541 1439 735 1522 videatur4).

144 1547 182 1626 §.
196 1542 270 1608 917.
313 1540 530 1605 Publieatione
544 1543 767 1604 universorum
782 1541 936 1605 bonorum
949 1543 1028 1604 socii
1042 1543 1229 1606 distrahitur
1252 1561 1310 1607 so-

99 1645 213 1719 cietas,
228 1641 301 1723 quia
316 1641 355 1717 is,
375 1641 408 1702 in
423 1641 514 1702 cuius
528 1640 632 1702 locum
649 1641 730 1702 alius
747 1641 900 1717 succedit,
912 1660 970 1721 pro
988 1647 1111 1704 mortuo
1127 1643 1309 1726 habeturl).

143 1742 365 1825 Adrogatione
389 1745 442 1801 aut
462 1743 710 1820 emancipatione
732 1743 822 1816 socii,
844 1744 981 1804 societas
996 1760 1058 1804 non
1073 1743 1258 1806 dissolvitur
1269 1745 1309 1830 6).

144 1847 176 1926 ξ.
193 1842 267 1908 918.
312 1840 359 1903 nx
380 1840 477 1903 rebus
497 1840 633 1905 solvitur
654 1844 801 1918 societas,
823 1859 894 1904 oum
915 1860 978 1919 res,
1002 1861 1132 1923 quarum
1148 1861 1242 1906 causa
1255 1861 1313 1907 so-

101 1945 203 2006 cietas
226 1946 387 2010 contracta
410 1947 477 2020 est,
509 1943 710 2004 intereunti.
732 1961 760 2005 e.
783 1949 837 2004 aut
864 1943 960 2005 nullae
986 1944 1227 2024 relinquuntur,
1259 1951 1313 2007 aut

100 2043 319 2109 conditionem
349 2046 560 2117 mutaverunt,
584 2040 683 2104 veluti
707 2043 734 2105 si
759 2049 951 2105 consecratae
972 2043 1025 2104 vel
1048 2042 1214 2123 publicatae
1238 2044 1313 2108 lue-

100 2146 166 2208 rint
177 2143 218 2230 τ).
263 2141 339 2205 lnde
360 2141 565 2230 etiam‘bonis
587 2160 605 2204 a
629 2142 840 2205 oreditoribus
863 2144 955 2204 unius
978 2144 1056 2205 socii
1079 2142 1216 2206 'venditis
1240 2146 1311 2208 dis-

101 2245 236 2308 trahitur
259 2245 408 2320 societas.
452 2242 514 2307 Sed
536 2249 569 2304 et
591 2242 652 2304 hoc
676 2260 769 2320 casu,
799 2245 827 2305 si
849 2243 952 2305 adhuc
975 2245 1177 2306 consentiunt
1199 2246 1230 2307 in
1253 2263 1310 2308 so-

85 2348 263 2422 ¹cietatem,
286 2363 369 2408 nova
391 2336 519 2409 videtur
540 2347 681 2427 incipere
702 2325 839 2408 societas
852 2347 892 2432 ⁸).
1336 2342 1340 2349 “

148 2450 179 2531 9.
193 2447 268 2512 919.
312 2448 447 2510 Actione
471 2446 655 2508 distrahitur
680 2449 835 2524 societas,
866 2464 934 2509 cum
961 2453 1013 2508 aut
1035 2446 1238 2527 stipulatione
1258 2451 1312 2508 aut
1354 2448 1357 2452 “

60 2562 65 2576 ·
108 2549 224 2611 iudicio
248 2551 362 2609 mutata
384 2549 427 2609 sit
447 2564 542 2610 causa
563 2549 725 2610 societatis
738 2547 776 2634 ⁹).

146 2652 178 2733 fi.
191 2649 267 2714 920.
312 2645 479 2709 Voluntate
496 2645 682 2709 dictabitur
699 2650 836 2710 societas
856 2649 1099 2712 renuntiatione.
1135 2647 1233 2729 ldque
1247 2668 1311 2712 non

110 2751 209 2813 solum
232 2749 261 2811 si
285 2765 392 2811 ornnes
415 2749 615 2824 dissentiunt,
636 2748 695 2812 sed
717 2749 808 2811 etiarn
826 2750 853 2811 si
869 2765 950 2810 unus
966 2750 1125 2812 sociorum
1139 2751 1311 2811 renuntiet.

112 2848 231 2914 Callida
245 2855 347 2912 tamen
362 2849 415 2911 vel
430 2850 648 2929 intempestiva
662 2851 853 2913 renuntiatio
866 2849 996 2913 ferenda
1006 2868 1069 2912 non
1082 2856 1132 2911 est
1143 2850 1194 2937 l⁰).
1219 2851 1315 2915 ldeo-

112 2968 168 3032 que
192 2954 222 3014 si
245 2950 316 3031 quis
339 2949 413 3013 dolo
435 2951 516 3013 malo
539 2952 699 3012 renuntiet
721 2952 754 3012 in
768 2951 838 3027 hoc,
863 2956 896 3011 nt
913 2951 1038 3013 obvium
1052 2951 1178 3033 aliquod
1192 2952 1314 3017 luorum

109 3054 194 3117 solus
221 3051 355 3125 habeat3
389 3049 488 3113 veluti
517 3051 544 3111 si
568 3056 704 3114 totorum
727 3052 880 3114 bonorum
902 3053 1008 3114 socius
1037 3052 1110 3114 ideo
1141 3055 1312 3131 renuntiet,

108 3160 138 3215 nt
159 3152 373 3216 hereditatem
395 3151 456 3213 sibi
479 3149 611 3213 delatam
633 3153 721 3214 solus
745 3152 937 3214 lucrifaciat:
959 3154 1079 3215 socium
1098 3139 1253 3233 quidem'a
1266 3171 1313 3230 se,

104 3267 214 3335 neque
238 3269 317 3314 vero
339 3268 375 3314 se
399 3271 416 3313 a
440 3253 528 3313 socio
550 3269 608 3314 suo
631 3251 762 3328 liberat;
790 3254 928 3332 ideoque
950 3255 979 3316 si
1000 3253 1144 3321 damnum
1170 3253 1313 3315 attulerit

99 3351 283 3429 hereditas,
295 3351 355 3415 boc
372 3350 411 3415 ad
427 3369 508 3429 eum,
521 3354 575 3431 qui
588 3354 791 3430 renuntiavit,
805 3354 984 3434 pertinebit,
998 3353 1191 3416 commodum
1204 3359 1311 3416 autem

99 3454 340 3517 communicare
350 3458 483 3535 cogetur
502 3455 626 3536 actione
648 3471 705 3534 pro
728 3455 877 3540 socioss).
900 3453 1035 3529 Paetum,
1058 3472 1098 3515 ne
1119 3474 1136 3516 a
1159 3455 1312 3516 societate

140 3695 172 3764 1)
191 3698 237 3749 l'r.
257 3694 300 3748 19.
318 3691 362 3746 20.
381 3696 413 3746 D.
430 3696 457 3746 h.
475 3701 493 3747 t.
572 3691 600 3761 2)
620 3697 663 3746 Fr.
682 3692 724 3748 65.
743 3695 766 3756 9.
786 3695 827 3750 10.
847 3698 880 3747 D.
900 3696 960 3748 eod.
980 3698 1003 3758 9.
1022 3695 1111 3749 4.-8.
1136 3700 1155 3749 l.
1176 3700 1240 3750 ht

142 3767 173 3835 3)
190 3770 236 3820 nr.
253 3764 296 3818 63.
318 3765 466 3825 910511.
503 3764 620 3819 Solvitur
650 3768 765 3820 sociatas
783 3773 867 3820 morte
888 3769 967 3833 socii,
996 3770 1058 3838 quia
1082 3772 1127 3839 qui
1156 3773 1311 3826 societatem

98 3839 251 3900 eontrahit,
270 3843 370 3890 certam
387 3853 529 3905 personam
548 3840 598 3890 sibi
617 3839 697 3905 eligit.
737 3840 795 3892 (iai.
816 3839 841 3892 3.
862 3839 885 3899 9.
905 3837 966 3892 152.

141 3908 174 3977 4)
190 3911 215 3972 9.
234 3907 259 3962 5.
279 3911 300 3961 l.
319 3911 346 3960 h.
365 3914 383 3961 t.
401 3912 432 3961 fr.
451 3906 495 3960 65.
515 3909 538 3969 9.
556 3911 581 3962 9.
601 3910 634 3960 D.
653 3911 712 3962 eod.
731 3912 793 3978 Arg.
813 3910 837 3970 9.
856 3909 916 3964 153.
938 3912 997 3964 (151.
1016 3913 1063 3965 lib.
1085 3913 1111 3966 3.

144 3981 162 4034 5
189 3985 234 4033 Fr.
255 3979 298 4034 65.
317 3980 341 4040 9.
360 3979 403 4034 12.
421 3983 455 4032 D.
476 3980 502 4031 b.
520 3986 538 4032 t.
558 3980 580 4040 9.
602 3976 627 4032 7.
646 3983 667 4032 Ι.
688 3982 749 4034 eod.

143 4053 160 4106 6
192 4055 237 4105 Fr.
256 4049 299 4106 58.
321 4051 345 4113 9.
364 4053 389 4104 2.
408 4054 439 4104 fr.
454 4048 497 4103 65.
517 4050 541 4112 9.
562 4051 605 4102 11.
625 4054 655 4104 D.
674 4053 700 4105 h.
719 4059 737 4104 t.
775 4053 851 4106 Serri
872 4056 1077 4125 manumissione
1104 4073 1225 4127 quoqne,
1253 4071 1312 4124 quae

104 4138 170 4175 oum
188 4141 222 4178 ao
241 4126 307 4176 luite
325 4128 389 4186 erat,
410 4125 524 4176 sociatas
543 4124 705 4177 solvebatur.
726 4126 758 4175 ir.
778 4123 821 4178 58.
841 4126 864 4186 9.
882 4124 908 4178 3.
927 4128 960 4177 D.
980 4128 1042 4179 aod.

145 4192 174 4261 7)
194 4198 237 4248 l’r.
256 4193 299 4247 63.
318 4195 342 4256 9.
362 4194 397 4248 10
417 4193 512 4262 (aod).

146 4263 174 4333 8)
192 4269 236 4319 Fr.
256 4263 299 4319 65.
320 4268 343 4326 9.
363 4266 388 4319 1.
407 4269 440 4319 Ι).
458 4267 485 4318 h.
505 4272 523 4317 t.
542 4265 566 4325 §-
586 4264 612 4317 8·
631 4267 651 4317 I.
672 4268 731 4319 eod.
754 4268 813 4320 Gai.
835 4269 859 4322 3.
879 4267 998 4329 §§.153.
1018 4267 1078 4321 154.

148 4335 175 4402 9)
196 4339 240 4389 Fr.
257 4335 299 4391 65.
318 4355 357 4405 pr.
378 4339 411 4390 D.
430 4339 456 4390 h.
475 4344 494 4389 1.
512 4338 573 4389 Hoc
589 4337 635 4388 lite
652 4343 803 4391 contestata
822 4344 885 4394 olim
903 4344 958 4394 heri
980 4340 1077 4393 debuit.
1099 4337 1192 4392 0513.
1212 4338 1308 4398 9180.

133 4404 176 4475 10)
194 4409 238 4462 Fr.
258 4404 301 4460 17.
323 4408 346 4468 9.
364 4409 390 4461 2.
408 4411 440 4461 lr.
459 4407 502 4462 65.
522 4408 545 4468 9.
564 4405 589 4459 5.
608 4410 642 4459 D.
661 4410 721 4461 eod.

133 4476 176 4545 11)
196 4479 220 4541 9.
236 4479 264 4532 4.
284 4481 305 4531 l.
325 4481 353 4532 h.
374 4486 392 4532 t.
410 4483 442 4534 tr.
463 4477 506 4534 65.
526 4479 549 4540 §-
566 4477 655 4532 4.-6.
674 4483 707 4533 D.
728 4480 790 4534 eod.
