2804 4966
599 321 790 363 rnrnoouorro.
1261 316 1296 372 15

95 461 210 521 civitas
230 475 357 521 romana
381 459 539 520 universae
562 457 752 520 ltaliaesdata
768 451 827 518 'est
835 475 843 530 3
867 472 928 536 qu0
954 457 1004 518 ius
1023 472 1184 519 romanum
1204 458 1296 520 latis-

95 561 177 621 sime
203 557 350 621 dillusum
370 565 411 642 (a.
425 577 456 620 ιι.
478 578 506 623 o.
529 560 670 646 occini).
714 558 748 620 ln
771 559 943 639 provinciis
969 574 1096 638 quoque
1118 558 1226 621 libere
1248 561 1297 622 ci-

94 662 211 722 vitates
232 659 310 722 iuris
335 660 433 723 ltaliei
453 662 666 746 pernissae1).

139 761 170 840 g:
183 759 234 824 51.
280 757 355 831 Ouae
378 760 479 821 omnia
500 777 569 821 curn
595 759 717 846 fierent,
742 762 792 821 ius
815 759 908 820 civile
934 757 1142 822 Romanorum
1163 764 1295 824 maxime

95 863 245 920 mutatum
276 863 333 920 est.
378 857 447 921 Duo
471 865 560 922 erant
582 860 660 922 iuris
684 858 788 921 fontes
802 859 933 936 diversi,
953 863 1093 941 gentium
1114 863 1164 922 ius
1191 865 1294 926 etius

95 959 203 1036 civile,
224 959 321 1040 idque
343 961 396 1022 vel
419 962 569 1042 scriptum
591 959 644 1022 vel
667 979 730 1023 non
752 961 913 1040 seriptum.
970 959 1023 1022 lus
1044 962 1194 1042 scriptum
1216 981 1295 1027 con-

96 1060 254 1122 tinebatur
278 1059 417 1142 legibus,
440 1062 614 1143 plebiscitis
637 1068 668 1124 et
690 1053 985 1124 senatusconsultis.
1000 1061 1109 1144 ‘Leges
1124 1065 1294 1127 universus

96 1160 243 1240 populus,
265 1163 426 1225 senatorio
448 1164 635 1245 magistratu
658 1165 887 1244 interrogante,
911 1162 1011 1225 veluti
1036 1163 1294 1242 Consule,‘lere-

96 1261 159 1322 bat.
184 1259 350 1324 Plebisoita
370 1280 387 1324 a
405 1261 509 1343 plebe,
533 1262 661 1344 plebeio
673 1265 867 1346 magistratu,
889 1263 1136 1327 veluti'lribuno
1150 1273 1294 1348 rogante,

97 1361 382 1424 constituebantur.
428 1362 707 1427 Senatuseonsulta
729 1369 858 1426 senatus
883 1365 968 1426 iussa
992 1366 1132 1454 erantl).
1254 1444 1262 1451 ·

139 1467 170 1546 ξ.
185 1463 236 1531 52.
281 1460 333 1525 lus
355 1481 417 1524 non
437 1465 587 1544 scriptum
609 1469 712 1526 autem
733 1464 872 1526 moribus
887 1466 1038 1527 maiorum
1060 1465 1223 1528 constabat
1242 1466 1295 1529 vel

97 1563 393 1640 consuetudinibus
415 1581 492 1644 quas
515 1565 609 1627 tacito
632 1566 768 1627 omnium
782 1583 953 1631 ,consensu
983 1572 1125 1629 vetustas
1147 1585 1295 1649 compro-

98 1666 241 1741 baverat,
262 1670 315 1728 aut
336 1665 433 1727 rebus
456 1664 613 1740 iudicatis,
634 1666 704 1726 iure
728 1667 897 1729 honorario
923 1672 955 1729 et
977 1668 1047 1729 iure
1070 1667 1157 1730 civili
1170 1670 1210 1756 Ι).

140 1769 170 1848 6.
187 1766 239 1832 53.
284 1764 336 1828 lus
354 1767 555 1828 honorarium
578 1766 659 1846 apud
672 1765 825 1829 Romanos
843 1769 952 1830 summi
975 1774 1024 1831 est
1046 1770 1202 1832 momenti.
1225 1771 1296 1849 Ap-

97 1866 237 1948 pellatur
258 1867 317 1930 boc
343 1869 467 1930 nomine
489 1869 551 1944 ius,
575 1866 657 1947 quod
681 1862 902 1952 magistratus,
934 1871 987 1948 qui
1009 1869 1146 1932 honores
1168 1859 1295 1952 gerunt,

99 1973 343 2048 proposuerunt.
395 1966 471 2030 Cum
502 1970 583 2030 enirn
613 1967 766 2030 Praetores
799 1974 830 2030 et
857 1967 979 2030 AEdiles
1014 1971 1082 2031 iura
1110 1969 1293 2046 redderent,

101 2068 203 2132 edicta
227 2086 405 2150 proponere
429 2075 593 2150 eoeperunt
614 2068 655 2130 de
678 2069 728 2145 iis,
752 2085 822 2148 quae
842 2070 936 2131 certis
952 2070 984 2130 in
1001 2072 1105 2132 causis
1127 2070 1295 2132 iudicaturi

101 2174 220 2244 essent,
248 2174 312 2231 tum
336 2175 371 2231 ut
390 2171 479 2231 cives
502 2169 562 2233 boc
585 2170 720 2248 seirent,
743 2187 843 2251 seque
863 2169 1136 2257 praemunirent4),
1157 2187 1238 2246 eum,
1261 2176 1296 2231 ut

99 2270 301 2351 magistratus
323 2271 382 2352 ipsi
403 2289 422 2332 a
443 2270 568 2351 publica
592 2272 841 2353 reprehensione
871 2267 1004 2333 securos
1032 2288 1068 2332 se
1096 2276 1293 2351 prestarent.

101 2370 178 2432 Cum
202 2389 254 2434 res
279 2389 413 2435 romanae
442 2379 644 2450 crescerent,
665 2373 782 2436 Praetor
803 2374 875 2435 anni
897 2374 947 2434 sui
968 2373 1057 2434 initio
1079 2374 1112 2433 in
1135 2371 1219 2448 albo,
1242 2371 1296 2433 ubi

98 2472 139 2534 de
160 2472 253 2553 plano
280 2480 368 2537 recte
390 2473 456 2558 legi
477 2481 604 2556 posset,
630 2476 790 2552 edicebat,
824 2473 1081 2556 quemadmodum
1102 2491 1160 2554 per
1181 2489 1295 2534 annum

97 2576 148 2634 ius
171 2572 313 2636 dicturus
336 2581 438 2658 esset,
476 2576 560 2657 quod
582 2576 717 2639 edietum
747 2581 908 2657 perpetuae
941 2574 1166 2636 iurisdictionis
1200 2590 1294 2636 causa

97 2675 304 2756 propositum,
327 2693 384 2737 seu
409 2682 595 2757 perpetuum
607 2677 778 2739 vocabatur
792 2676 831 2765 5).
875 2676 993 2738 Praetor
1008 2675 1146 2738 urbanos
1161 2674 1295 2750 civibus,

98 2777 289 2856 peregrinus
312 2779 493 2860 peregrinis
517 2777 625 2840 edixit.
680 2777 853 2840 Edicebant
875 2783 977 2839 autem
998 2775 1177 2857 supplendi,
1201 2774 1295 2836 adiu-

98 2875 194 2938 vandi
220 2876 273 2938 vel
303 2878 484 2960 corrigendi
505 2879 584 2940 iuris
607 2879 710 2941 civilis
738 2879 838 2961 gratia
850 2878 878 2966 ⁶)
902 2884 1031 2959 propter
1053 2876 1206 2958 publicam
1230 2876 1296 2936 uti-

98 2973 217 3037 litatem
243 2996 279 3039 ac
300 2979 558 3057 quemadmodum
578 2986 752 3060 temporum
773 2980 887 3042 rationi
909 2978 1080 3060 populique
1104 2975 1241 3038 moribus
1265 2981 1296 3036 et

97 3078 238 3158 opinioni
260 3085 365 3157 aptum
388 3080 418 3142 id
441 3097 513 3142 esse
535 3081 716 3144 credebant.
774 3079 863 3153 Quod
895 3079 1069 3142 aPraetore
1097 3077 1230 3158 quodam
1252 3077 1294 3138 ita
1342 3159 1345 3164 .

98 3179 196 3242 semel
219 3177 341 3241 utiliter
355 3187 422 3244 erat
436 3184 649 3260 constitutum,
667 3202 683 3245 a
700 3187 854 3263 sequente
866 3181 1004 3244 Praetore
1021 3181 1144 3242 servari
1159 3183 1294 3258 emptum

98 3285 158 3356 est,
182 3284 213 3340 et
234 3279 328 3342 edicti
343 3281 384 3344 ita
397 3281 536 3346 tralatitii
552 3283 625 3346 sacti
640 3283 758 3345 utilitas
770 3283 910 3364 probata,
930 3300 1054 3362 semper
1069 3266 1245 3362 augebatur
1255 3274 1295 3364 7).

97 3379 229 3463 Pariter,
253 3383 297 3443 uti
319 3382 484 3459 Praetores‚
509 3389 540 3446 et
563 3382 737 3460 Censores,
752 3447 755 3453 ,
770 3383 886 3464 aliique
909 3382 1109 3465 magistratus
1131 3379 1234 3443 Romae
1264 3385 1296 3440 et

97 3482 129 3542 in
162 3476 335 3545 Provinciis
365 3481 579 3565 Propraetores
613 3484 665 3547 vel
697 3483 908 3547 Proconsules
942 3483 1115 3546 edicebant.
1177 3480 1294 3543 Horum

134 3704 162 3774 1)
181 3707 273 3759 Cicero
291 3708 320 3759 in
337 3706 447 3758 Verrem
465 3708 500 3758 lI.
517 3702 561 3758 49.
582 3707 629 3758 ΙΙΙ.
648 3705 674 3758 6
693 3707 731 3757 ad
748 3707 801 3758 Ati.
822 3707 868 3756 Vl
889 3704 914 3757 2.
932 3705 991 3756 Liv.
1010 3705 1119 3756 XXXV
1140 3701 1185 3756 46
1210 3703 1295 3754 XLV

96 3773 141 3829 26.
161 3776 204 3830 29.
241 3778 317 3828 De'
309 3794 367 3829 rure
388 3778 479 3830 italico
507 3779 651 3830 novissime
668 3784 794 3845 peracute
821 3778 965 3844 disputarit
984 3779 1049 3830 Gor.
1068 3777 1241 3841 Reoerlloud,
1267 3777 1295 3826 in

96 3851 238 3916 Ephemor.
258 3850 307 3900 sub
328 3851 405 3902 titulo
427 3850 520 3903 Reoue
540 3852 687 3917 birtorr'qua
707 3851 745 3904 du
764 3851 838 3904 droit
850 3853 983 3919 franensi
1001 3859 1028 3902 et
1056 3857 1185 3917 emcnper
1220 3849 1294 3898 Pari-

97 3920 249 3977 siiseditis
269 3921 359 3988 tlp
360 3917 429 3972 .341
449 3917 550 3987 (1855)

127 3939 1206 4059 2)6au1nstL63465Insbhwt'Pheophil.ed6..51nst.ht

131 4061 159 4130 3)
179 4063 273 4115 Cicero
293 4062 328 4115 de
346 4064 511 4128 Inventione,
530 4064 576 4115 lib.
596 4065 630 4116 11.
649 4061 730 4115 022.
757 4063 832 4114 Oret
836 4010 939 4129 I’partit
961 4056 1043 4114 cel.
1078 4060 1122 4112 Ad
1139 4059 1249 4112 HenII

130 4132 160 4204 4)
181 4131 450 4200 Pomponius6.10.
488 4099 747 4198 ,honorariumius
776 4134 873 4186 dieitur
894 4134 968 4203 quod
993 4133 1028 4184 eb
1048 4133 1154 4184 honore
1174 4130 1292 4198 praetoris

95 4205 229 4266 rouerot¹⁴

131 4278 159 4345 5)
181 4279 277 4330 Ancon.
299 4276 336 4326 ad
349 4276 482 4329 Ciceronis
493 4276 566 4327 Orat
584 4294 632 4344 pro
646 4277 779 4331 Cornelio·
798 4273 876 4328 Feb
895 4273 964 4327 me.
984 4271 1000 4327 1
1024 4270 1070 4342 (de
1087 4269 1292 4340 iurisdictione)

97 4353 193 4406 Gicero
210 4349 238 4400 in
256 4347 331 4400 Verr.
350 4349 396 4399 Ill.
418 4344 460 4400 14
522 4376 524 4380 ι

130 4421 160 4488 6)
183 4422 226 4472 Fr.
246 4415 272 4483 7,
290 4417 351 4479 6.1
370 4420 403 4471 D
427 4415 508 4484 1(de
526 4418 628 4472 iustel
648 4415 726 4484 iure)
764 4416 888 4511 Tlreoph·
909 4415 946 4468 od
963 4433 1002 4485 pr
1021 4416 1043 4468 1.
1063 4413 1089 4469 3
1107 4413 1132 4469 9

131 4491 160 4558 7)
181 4490 299 4544 Cicero'
290 4506 319 4542 an
336 4489 484 4544 Verreml.
502 4485 548 4542 45
566 4486 612 4542 Ill
636 4485 661 4541 7

1152 4537 1177 4568 Ι
