2798 4972
135 301 189 357 190
457 307 749 349 inertissimorum
767 307 870 349 ocsus
889 308 1011 349 mrum.

135 442 244 505 verbis
262 441 319 504 sed
344 441 558 504 voluntatibus
581 440 938 517 eorumievens,1non
967 441 1071 504 solum
1092 441 1269 522 disposuit:
1302 447 1339 503 ut

136 543 280 606 omnihus
300 542 416 626 legetis
440 561 500 604 une
523 547 610 605 esset
632 548 755 618 notura,
778 548 811 604 et
832 541 1073 622 quibuscunque
1093 542 1339 622 verbisuliquid

136 645 282 708 relictum
302 645 354 721 sit,
377 643 490 705 liceret
514 643 689 725 legotariis,
711 641 742 705 id
762 643 912 723 persequi
934 649 994 707 torn
1015 660 1074 723 per
1093 644 1235 706 actiones
1257 660 1339 724 per-

135 745 263 808 sonales
286 761 378 824 quom
400 762 459 824 per
480 745 512 806 in
534 761 600 806 rem
623 748 656 805 et
677 743 934 823 hypothecariam
948 744 975 830 ²)
987 760 997 818 ;
1028 761 1139 808 verum
1163 745 1255 805 etium
1279 758 1339 823 per

137 848 238 910 omnio
260 845 511 908 fideicommissis
536 846 641 928 legato
664 846 858 924 exeqoavit,
897 850 931 906 ut
958 843 1045 906 nullo
1075 850 1162 907 esset
1191 847 1277 906 inter
1301 862 1338 906 es

136 945 329 1023 differentia,
351 951 383 1008 et
405 945 490 1027 quod
510 945 639 1008 deesset
659 940 791 1027 legetis,
821 945 881 1008 hoo
898 943 1078 1025 repleretur
1103 961 1144 1006 ex
1164 945 1338 1026 pinguiore

135 1046 445 1110 fideicommissorum
468 1051 598 1120 nature,
620 1049 652 1106 et
674 1045 702 1106 si
722 1044 798 1124 quid
820 1045 954 1125 amplius
974 1049 1062 1107 esset
1086 1045 1118 1106 in
1138 1043 1255 1126 legetis
1278 1060 1337 1125 per

135 1148 196 1211 hoc
218 1151 379 1210 cresceret
400 1147 449 1208 vis
471 1144 783 1208 fideicommissorum
796 1145 837 1231 ²).

176 1247 253 1310 lnde
281 1253 312 1310 et
334 1249 365 1308 in
387 1246 611 1309 Pendecterum
642 1245 732 1308 libris
759 1245 937 1328 legatorum
963 1251 995 1308 ot
1020 1244 1336 1307 fideicommissorum

134 1352 185 1413 ios
208 1353 403 1428 exequetum
425 1353 458 1408 et
479 1346 643 1409 coniosum
664 1353 732 1408 est:
759 1348 835 1426 quin
856 1351 958 1409 tomen
975 1363 1083 1409 omues
1105 1346 1190 1409 inter
1210 1363 1247 1407 es
1270 1343 1337 1408 dii-

135 1450 277 1512 ferentiae
298 1449 342 1511 ihi
365 1447 504 1528 explesse
526 1448 701 1510 habeantur
711 1447 750 1534 ³).

177 1552 208 1631 ξ.
221 1549 293 1613 676.
337 1546 418 1611 lllud
440 1554 542 1613 autem
564 1549 624 1611 hoc
646 1548 717 1611 loco
740 1548 924 1611 admonendi
946 1564 1066 1626 sumus,
1089 1553 1260 1611 testatores
1282 1554 1338 1611 out

133 1667 187 1712 res
211 1649 354 1732 singulos
379 1648 490 1732 legere
517 1654 571 1711 out
600 1647 871 1712 fideicommissum
898 1648 995 1723 elicui
1021 1664 1118 1730 posse
1138 1648 1335 1729 relinquere,

134 1754 189 1811 out
212 1750 348 1813 heredes
370 1768 466 1832 posse
487 1768 623 1833 rogere,
657 1756 691 1811 ut
715 1755 808 1813 totam
833 1748 1038 1813 hereditatem
1061 1749 1113 1813 vel
1136 1755 1256 1831 portem
1281 1750 1336 1813 atii

134 1851 339 1936 restitueret)
353 1873 360 1912 :
375 1853 415 1915 ‚iu
435 1853 534 1932 priori
551 1868 627 1913 cesu
641 1852 767 1913 nonnisi
788 1852 835 1915 roi
857 1851 1030 1934 singularis
1051 1867 1221 1913 successor
1237 1866 1336 1913 cons-

136 1952 277 2027 tituitur,
307 1955 339 2013 in
369 1951 429 2014 hoo
454 1970 532 2015 vero
555 1952 649 2014 heres
679 1951 732 2014 vel
755 1953 833 2015 iuris
854 1968 1023 2016 successor
1036 1953 1077 2013 iit
1102 1957 1175 2034 post
1202 1952 1335 2015 heredi-

135 2052 278 2113 tolomei
303 2053 489 2115 restitutum.

177 2151 317 2230 Uterque
339 2169 431 2214 cesus
456 2153 554 2235 igitur
576 2151 660 2215 ulter
685 2152 723 2214 oh
754 2153 854 2216 altero
875 2153 1047 2236 diligenter
1075 2153 1335 2236 distinguendus,

135 2256 168 2312 et
188 2251 372 2334 singulatim
387 2253 568 2316 tractandus
583 2258 642 2314 est.
686 2251 838 2339 llodierni
853 2255 885 2316 in
899 2253 955 2316 illo
968 2254 1097 2333 leqotom
1110 2271 1167 2315 seu
1177 2253 1336 2334 fideicom-

135 2353 261 2415 missum
273 2353 446 2433 simpulore3
466 2355 499 2415 in
521 2353 581 2417 hoc
601 2351 863 2432 fideicommissum
880 2355 1056 2419 emersam
1077 2353 1193 2418 edesse
1214 2354 1336 2416 dicunt.

136 2451 260 2516 ldoirco
281 2455 314 2517 in
335 2456 396 2517 hoo
417 2455 520 2535 cupite
540 2455 672 2534 primurn
698 2453 738 2517 de
772 2454 883 2537 legetis
916 2456 969 2519 vel
994 2457 1089 2519 rehus
1114 2455 1253 2538 singulis
1278 2471 1337 2536 per

136 2551 408 2618 fideicommissum
429 2556 659 2636 relinquendis,
683 2561 715 2618 et
739 2555 853 2619 deinde
871 2557 911 2620 de
924 2557 1223 2621 fideicommissariis
1237 2556 1337 2622 here·

135 2653 287 2718 ditetihus
310 2655 461 2720 dicemus.

135 2875 203 2929 utu.
221 2878 255 2929 11.
290 2878 339 2929 Dli
354 2877 510 2931 umentis
529 2878 602 2930 VEL
619 2877 737 2931 REBUB
756 2878 925 2933 SINGULIS
940 2878 1012 2930 PER
1021 2875 1339 2932 umutoorttssssml

632 2963 839 3030 summumst).

179 3122 210 3204 ξ.
224 3121 296 3185 677.
340 3122 492 3207 Legatum
514 3125 686 3206 antiquitus
707 3124 915 3188 definiebatur
936 3125 1062 3189 donatio
1084 3125 1225 3205 quedem
1246 3125 1339 3189 ede-

140 3222 248 3285 lunoto
270 3221 382 3286 relicta
406 3228 438 3285 et
459 3223 497 3285 nh
519 3223 639 3286 herede
663 3223 888 3308 presumat).
934 3223 1009 3285 Cum
1032 3241 1109 3288 vero
1126 3223 1340 3309 logotelidei-

139 3327 313 3391 commissis
339 3329 402 3391 sint
423 3330 632 3408 equiparata,
667 3334 699 3390 et
720 3329 787 3391 hec
811 3326 849 3390 ah
872 3326 1015 3390 omnihus
1042 3321 1182 3405 relinqui
1203 3323 1339 3414 possint,

138 3429 177 3491 ed
200 3444 280 3509 quos
302 3427 420 3510 aliquid
443 3445 484 3490 ex
506 3427 682 3491 hereditate
705 3432 932 3509 perventurum
956 3428 1018 3503 est,
1043 3421 1181 3509 legatum
1201 3421 1339 3487 dicide-

150 3699 205 3767 ,1)
221 3703 273 3754 Per
291 3718 314 3755 e
332 3703 358 3756 1.
377 3703 407 3756 0.
424 3699 503 3766 6,43
523 3700 666 3768 (commun.
686 3697 810 3766 legator.)
835 3695 1022 3758 et§.1.1.2
1049 3694 1085 3749 20
1103 3691 1151 3763 (de
1168 3692 1275 3762 leget),
1294 3710 1339 3747 ou·

135 3774 178 3826 ius
194 3773 279 3824 rerba
298 3774 354 3825 iere
374 3775 518 3827 retulimus.

173 3840 202 3909 2)
219 3846 271 3897 Per
291 3860 314 3897 c
333 3844 359 3899 2.
377 3847 406 3899 0.
425 3845 487 3900 eod.
505 3851 532 3899 et
552 3843 576 3903 i.
595 3842 619 3896 2.
638 3845 658 3894 l.
677 3842 738 3896 eod.
757 3841 831 3895 euius
846 3845 968 3891 tenorem
987 3838 1072 3890 secuti
1089 3852 1188 3890 summ.

172 3915 202 3982 3)
219 3916 261 3968 Ite
278 3916 399 3982 loquium
417 3923 458 3970 est
476 3916 666 3978 elucrissime,
682 3910 1026 3982 quodrerhisimperetiris
1034 3909 1202 3978 relinquitur,
1219 3913 1248 3962 et
1263 3905 1337 3959 fluet-

139 3988 319 4051 commissum,
338 3990 409 4058 quod
427 3989 570 4056 precativis
589 3986 675 4038 detur.
711 3987 764 4037 Res
782 3983 892 4050 singule
910 3988 937 4035 et
955 3983 1079 4050 legentur
1097 3987 1124 4035 et
1138 3996 1187 4048 per
1203 3979 1337 4031 fideicom-

136 4061 245 4148 missum
267 4063 457 4130 relinquuntur.
499 4058 645 4113 Hereditas
672 4073 736 4112 roro
761 4057 867 4110 nonum
890 4071 938 4123 per
961 4054 1198 4107 fideicommissum
1224 4049 1336 4119 relinqui

139 4132 287 4270 &lininio
308 4202 361 4255 duo
378 4201 463 4255 instit.
480 4201 598 4264 tihrlil.
615 4202 650 4253 11.
671 4198 706 4255 23
732 4198 779 4265 (de
805 4197 966 4255 theodum.
990 4192 1116 4262 heredit)
1143 4202 1171 4253 et
1190 4197 1211 4245 t.
1231 4189 1267 4249 24
1290 4187 1337 4258 (de

139 4275 250 4410 Singilis
261 4275 346 4410 ἓξὲξ
364 4289 416 4412 fieri
429 4269 820 4413 &gitiumliissffilffi
838 4340 951 4395 xxxii.
967 4338 1016 4408 <de
1035 4341 1136 4408 tegete
1157 4345 1188 4395 et
1203 4336 1337 4395 fidolum-

138 4416 329 4556 m¹23¹⁸elussrss
341 4415 411 4541 {Li
430 4490 462 4543 o.
481 4485 525 4542 te.
541 4486 575 4540 u.
592 4452 694 4554 eoquo
712 4485 792 4553 leget.
809 4480 868 4550 ru).
