2804 4966
533 329 613 366 cisun
624 329 667 366 ιιι.
690 329 746 368 cnr,
762 328 797 366 rr.
922 359 926 366 .
1214 318 1267 373 277

108 472 143 552 ᾗ.
159 465 233 532 eit.
278 463 325 525 Ex
349 461 433 524 lurto
458 459 575 541 duplex
597 459 750 543 obligatio
773 461 923 536 nascitur,
949 459 1047 522 altera
1069 460 1107 523 ad
1122 463 1278 526 remred-

65 563 273 632 dendamvel
296 563 530 627 estimationem
553 563 622 623 eius
647 561 864 642 praestandam,
887 562 984 623 altera
1008 562 1046 623 ad
1066 579 1188 642 poenam
1208 563 1276 626 sol-

65 667 205 733 vendam
219 665 257 753 l).
302 663 394 725 Poena
411 668 512 726 autem
532 662 620 742 dupli
639 669 687 724 est
701 662 775 723 lurti
789 680 850 725 non
864 662 1031 739 manifesti,
1052 667 1086 724 et
1103 662 1272 744 quadrupli

67 770 148 832 furti
171 764 340 829 manifesti.
384 763 568 826 Manifestus
591 762 642 824 lur
664 769 723 839 est,
746 765 853 844 quiin
875 763 959 825 lurto
981 763 1033 825 vel
1056 763 1087 824 in
1112 764 1194 839 loco,
1218 763 1271 824 ubi

68 869 166 933 modo
188 867 308 930 lurtum
332 865 422 941 lecit,
445 864 704 945 deprehenditur,
728 866 801 927 item
824 863 971 943 quamdiu
996 863 1134 926 turrem
1163 869 1275 926 tenens

70 971 166 1033 visus
190 974 223 1030 et
246 967 464 1047 deprehensus
486 964 770 1044 fuerit,antequam
785 984 823 1027 eo
838 965 1031 1044 pervenerit,
1053 982 1116 1043 qno
1132 964 1276 1044 perterre

70 1076 102 1134 et
123 1069 289 1149 deponere
312 1086 379 1130 eam
403 1066 592 1128 destinasset
603 1065 641 1152 ²).
678 1064 754 1127 Cum
774 1073 909 1146 utraque
933 1065 1084 1148 obligatio
1097 1068 1272 1146 presertim

73 1166 126 1233 ex*
141 1168 319 1232 actionibus
342 1173 566 1250 cognoscatur,
589 1184 658 1247 quae
681 1168 749 1228 eius
772 1165 1002 1246 persequendae
1023 1168 1124 1249 gratia
1149 1184 1277 1246 eompa-

68 1276 151 1333 ratae
183 1272 275 1345 sunt,
316 1268 349 1328 in
387 1267 532 1346 sequenti
571 1265 653 1329 libro
686 1265 871 1347 diligentius
903 1265 942 1327 de
977 1267 1015 1327 iis
1050 1266 1276 1346 disputabimus

72 1371 122 1456 (a.
147 1367 407 1456 nac-noo).

271 1588 276 1593 -
382 1553 450 1606 ΤΙΤ.
468 1555 515 1606 ΙΠ.
551 1554 600 1605 DE
619 1551 727 1605 BONIS
747 1552 784 1603 vi
805 1549 975 1618 adpulsu.

113 1692 232 1776 §.ets
277 1688 310 1753 st
332 1689 383 1751 eui
406 1686 480 1749 dolo
501 1686 583 1749 malo
605 1687 647 1761 vi,
673 1692 727 1748 aut
752 1686 930 1748 bominibus
955 1688 1071 1748 coactis
1096 1690 1277 1763 arrriatisve,

73 1795 179 1858 damni
195 1790 271 1871 quid
284 1790 399 1852 sactum
413 1794 471 1864 est,
495 1790 564 1850 sive
576 1789 665 1849 cuius
688 1787 769 1848 bona
783 1793 869 1867 rapta
893 1805 964 1848 esse
982 1787 1139 1862 dicuntur,
1163 1786 1280 1850 Praetor

74 1897 106 1956 in
120 1912 206 1970 eum,
223 1891 299 1973 quid
315 1890 345 1952 id
361 1889 447 1966 lecit,
460 1889 607 1951 iudicium
620 1888 672 1950 dat
681 1907 689 1962 ;
714 1906 782 1949 eum
804 1889 830 1949 si
847 1888 962 1949 lurtum
975 1887 1126 1951 violentia
1138 1889 1180 1950 sit
1192 1907 1280 1952 com-

76 1998 226 2071 missum,
252 1998 316 2054 tum
339 1993 366 2053 si
388 1991 564 2053 bominibus
595 1990 711 2051 coactis
734 2006 787 2050 res
810 1987 906 2050 luerit
928 1990 959 2049 vi
982 1988 1095 2064 ablata,
1117 1994 1171 2050 aut
1192 1988 1281 2052 dnm-

75 2114 152 2159 num
181 2097 230 2158 rei
260 2093 391 2156 illatum.
435 2091 483 2153 De
513 2091 608 2153 rebus
638 2090 805 2152 mobilibus
837 2094 954 2151 tantum
985 2088 1102 2152 Praetor
1131 2090 1279 2178 edixit4).

77 2197 179 2259 lluius
207 2195 314 2258 delicti
339 2210 414 2255 reus
437 2211 499 2254 non
528 2189 630 2254 solum
658 2209 715 2271 pro
742 2192 790 2253 rei
820 2191 1021 2252 restitutione
1050 2196 1193 2267 tenetur,
1225 2191 1282 2254 sed

78 2299 171 2360 etium
193 2313 252 2377 pro
270 2311 363 2376 poena
386 2292 482 2374 tripli,
506 2310 575 2373 quae
595 2293 633 2354 ab
648 2310 696 2368 eo,
718 2293 808 2352 cuius
831 2292 975 2366 interest,
999 2291 1061 2352 vim
1083 2288 1193 2352 lactem
1217 2310 1280 2354 non

81 2416 167 2476 esse,
190 2397 249 2461 bac
271 2397 304 2457 in
325 2393 533 2476 quadruplum
557 2395 679 2455 actione
702 2394 767 2473 peti
791 2392 946 2476 potest5).

124 2497 239 2580 §.sto
285 2495 345 2560 Sed
365 2497 407 2558 ita
425 2494 546 2556 demum
570 2514 605 2556 ea
629 2494 787 2574 competit,
809 2494 836 2554 si
857 2493 930 2555 dolo
944 2493 1024 2555 malo
1039 2493 1109 2572 quis
1123 2498 1282 2576 rapuerit:

82 2599 139 2679 qui
162 2599 262 2680 igitur
285 2612 396 2657 errore
416 2594 582 2671 inductus,
613 2612 699 2656 suam
724 2613 789 2654 rem
811 2611 883 2655 esse
906 2596 1088 2657 existimans
1112 2601 1142 2657 et
1163 2599 1284 2678 impru-

82 2699 163 2761 dens
187 2698 287 2772 iuris,
315 2712 353 2757 eo
374 2696 476 2757 animo
497 2697 618 2775 rapuit,
651 2696 742 2773 quasi
763 2693 887 2756 domine
911 2695 1005 2756 liceat
1029 2697 1119 2757 etiam
1142 2714 1199 2776 per
1223 2699 1284 2758 vim

80 2819 151 2863 rem
172 2815 261 2860 suam
285 2797 412 2860 auferre
437 2797 692 2877 possessoribus,
712 2795 834 2858 absolvi
850 2795 955 2857 debet.
989 2792 1045 2856 Cui
1065 2797 1189 2858 scilicet
1206 2814 1285 2859 con-

81 2901 218 2963 veniens
243 2905 307 2977 est,
338 2917 398 2962 nec
420 2898 495 2960 lurti
516 2899 617 2960 teneri
639 2916 729 2974 eum,
752 2899 806 2977 qui
829 2897 939 2960 eodem
962 2898 1023 2960 hoc
1044 2899 1145 2960 animo
1167 2899 1282 2978 rapuit,

82 3000 142 3064 sed
166 3018 219 3077 ne,
240 3000 313 3062 dum
336 2999 409 3062 talla
431 3001 664 3082 excogitentur,
688 3000 868 3060 inveniatur
885 3000 945 3075 via,
966 3018 1024 3080 per
1037 3017 1127 3080 quam
1140 3006 1285 3081 raptores

84 3106 216 3184 impune
235 3119 323 3165 suam
347 3107 515 3164 exerceant
535 3102 709 3177 avaritiam,
733 3100 845 3163 melius
856 3100 1071 3181 imperialibus
1084 3103 1287 3165 constitutio-

84 3202 181 3265 nibus
206 3220 264 3284 pro
286 3202 343 3263 bac
365 3207 455 3282 parte
478 3207 679 3281 prospectum
703 3207 771 3276 est,
803 3207 837 3261 ut
864 3203 980 3264 nemini
1003 3201 1097 3263 liceat
1119 3204 1150 3264 vi
1173 3221 1287 3283 rapere

85 3321 153 3366 rem
178 3301 324 3367 mobilem
348 3303 400 3364 vel
422 3320 458 3364 se
477 3308 671 3378 moventem,
694 3300 771 3363 licet
786 3319 872 3363 suam
887 3302 1017 3364 eandem
1029 3321 1094 3364 rem
1110 3296 1271 3365 existimet
1277 3321 1286 3376 3

51 3421 55 3427 ·
85 3404 145 3469 sed
167 3407 194 3468 si
217 3408 290 3486 quis
311 3409 420 3467 contra
442 3410 557 3466 statuta
580 3405 702 3481 lecerit,
724 3407 772 3467 rei
785 3404 910 3483 quidem
923 3420 989 3465 suae
1005 3403 1140 3466 dominio
1154 3403 1287 3477 caderc3

85 3507 137 3568 sin
159 3509 263 3569 autem
285 3504 387 3567 aliena
409 3507 460 3581 sit,
482 3511 553 3585 post
576 3506 807 3568 restitutionem
832 3493 913 3581 eius,
937 3506 1028 3566 etiam
1051 3505 1286 3567 estimationem

87 3604 233 3669 eiusdem
255 3607 304 3667 rei
325 3611 487 3685 prestare,
512 3605 595 3686 quod
619 3623 680 3667 non
703 3605 804 3668 solum
827 3608 858 3667 in
883 3604 1051 3667 mobilibus
1077 3605 1192 3681 rebus,
1216 3623 1285 3686 quae

87 3708 158 3787 rapi
187 3711 338 3786 possunt,
372 3708 614 3769 constitutiones
639 3706 783 3768 obtinere
806 3712 1016 3784 censuerunt,
1053 3707 1109 3770 sed
1141 3710 1233 3771 etiam
1257 3709 1288 3769 in

86 3808 321 3884 invasionibus,
346 3824 415 3888 quae
439 3808 521 3870 circa
543 3824 594 3868 res
614 3806 675 3869 soli
695 3807 790 3883 liunt,
813 3813 847 3868 ut
867 3824 906 3868 ex
928 3808 985 3869 hac
1009 3824 1103 3871 causa
1127 3812 1210 3871 omni
1233 3826 1288 3871 ra-

88 3911 165 3991 pina
188 3910 329 3972 homines
353 3926 388 3971 se
411 3908 638 3991 abstineantssp.

133 4016 165 4094 §-
179 4010 252 4076 980.
296 4010 377 4074 Dolo
401 4010 482 4074 malo
507 4017 609 4072 autem
634 4012 738 4073 faeere
761 4016 866 4090 potest
887 4029 949 4074 non
967 4017 1084 4075 tantum
1100 4012 1139 4084 is,
1165 4010 1217 4086 qui
1235 4027 1289 4069 ra-

88 4114 147 4195 pit,
172 4128 282 4175 vcrum
306 4114 408 4191 etiam,
433 4096 486 4194 qui
508 4116 706 4196 precedente
730 4115 862 4178 consilio
888 4116 926 4177 ad
951 4116 1010 4178 boe
1029 4117 1130 4195 ipsum
1148 4115 1289 4176 homines

127 4309 157 4376 1)
178 4308 199 4369 ἓ.
223 4308 264 4364 19.
284 4310 306 4362 Ι.
325 4310 352 4360 h.
371 4313 389 4360 l.
508 4307 621 4376 2)§.3.
642 4311 662 4360 Ι.
682 4312 708 4361 h.
728 4314 746 4361 t.
785 4309 844 4360 oei.
864 4307 890 4360 3.
913 4307 936 4368 ἓ.
957 4305 1017 4359 183.
1038 4303 1097 4358 184.

126 4381 158 4447 3)
176 4382 197 4431 I.
216 4378 244 4444 4,
261 4380 278 4433 2
297 4377 345 4445 (do
362 4382 390 4434 vl
406 4382 500 4434 bonor.
520 4379 608 4449 rapt).
636 4384 669 4432 D.
687 4377 731 4444 47,
750 4379 766 4432 9
785 4376 822 4446 (vi
839 4381 902 4431 bon.
920 4384 987 4446 rapt.
1008 4386 1034 4434 et
1054 4378 1088 4431 de
1102 4374 1202 4443 turbe).

126 4451 159 4519 4)
177 4454 220 4505 Pr.
240 4452 262 4503 1.
280 4451 345 4503 ine
445 4446 474 4515 5)
494 4452 592 4513 §.Lm
610 4454 630 4504 1.
651 4453 712 4504 cod.
729 4453 762 4502 V.
780 4453 849 4503 intre
870 4449 893 4510 ἓ.
913 4449 990 4502 1198.

127 4522 157 4591 6)
181 4523 207 4586 ὃ.
228 4523 253 4576 1.
275 4524 295 4576 1.
315 4520 489 4592 4,2(h.s).
509 4542 532 4576 c.
552 4521 577 4577 7.
599 4524 641 4576 11.
661 4524 689 4576 G.
708 4521 734 4589 8,
753 4520 771 4574 4
791 4519 876 4589 (unde
895 4518 941 4587 vi).
