2804 4966
503 329 582 367 arnna
605 329 635 365 ιι.
656 328 722 366 rane
743 330 760 365 ι.
782 329 839 367 cnr.
860 330 903 367 ιιι.
1249 318 1302 373 115

95 456 165 521 Via)
186 455 324 523 latitudo
346 477 365 522 a
387 458 463 542 lege
484 482 527 522 ιιι
550 458 738 521 Tabularum
761 461 793 522 in
821 466 1000 541 porrectum
1025 468 1096 525 octo
1125 462 1222 544 pedes
1246 464 1306 526 ba-

98 560 173 635 bet3
197 561 229 622 in
255 560 429 622 anfractum
451 559 589 623 sedecim
605 560 645 649 ¹).
689 562 720 624 Si
745 560 834 623 locus
856 564 1032 624 nominatus
1055 581 1117 626 non
1147 564 1207 640 sit,
1241 581 1303 645 quo

97 663 173 738 iter,
194 666 285 724 actus
309 661 362 725 vel
385 663 436 724 via
460 661 529 723 lieri
551 661 674 737 debeat,
696 664 726 724 in
748 662 899 724 infinitum
921 665 987 737 ire,
1010 681 1106 745 agere
1129 664 1222 741 licet,
1253 667 1303 726 ci-

97 765 155 827 vili
187 770 309 829 tantum
339 762 451 835 modo,
483 762 504 823 i.
528 780 556 823 e.
579 763 692 825 minori
723 762 811 824 fundi
840 765 1009 825 servientis
1039 764 1242 839 detriment03
1271 771 1302 828 ct

95 882 160 945 qua
184 865 318 947 primum
340 864 392 925 via
414 862 534 925 directa
558 867 625 940 est,
655 862 698 925 ibi
722 863 867 926 modoet
890 863 1067 946 agendum,
1091 883 1150 927 nec
1171 866 1303 946 amplius

95 964 243 1029 mutanda
266 969 408 1046 potestas
431 968 480 1026 est
497 964 533 1044 2).

140 1081 264 1164 §.lot
306 1079 531 1160 AEquaeductus
553 1084 602 1142 est
625 1081 674 1141 ius
697 1097 808 1160 aquam
831 1081 965 1142 ducendi
988 1099 1046 1161 per
1067 1079 1195 1141 l‘undum
1219 1080 1301 1141 alie-

95 1199 182 1243 num.
229 1179 289 1243 Per
311 1179 446 1261 lapidem
471 1179 590 1243 ducere
619 1198 730 1261 aquam
756 1199 817 1243 non
849 1181 928 1243 alias
958 1180 1052 1258 licet,
1084 1182 1147 1242 nisi
1180 1180 1239 1243 boc
1270 1183 1300 1242 in

95 1285 257 1346 servitute
279 1280 497 1344 constituenda
520 1280 779 1361 comprehensum
801 1282 841 1343 sit
852 1282 899 1369 ³):
923 1300 979 1362 per
1002 1281 1122 1344 fistulas
1145 1281 1217 1343 duci
1241 1299 1302 1362 po-

97 1388 182 1466 test,
212 1383 255 1444 ita
280 1387 382 1443 mmen
411 1387 446 1443 ut
473 1380 594 1443 nullum
625 1382 769 1445 damnum
793 1383 918 1445 domino
950 1382 1038 1445 lundi
1062 1400 1102 1444 ex
1126 1382 1174 1444 bis
1198 1382 1300 1443 detur.

96 1485 175 1548 ltem
198 1483 271 1546 talis
293 1483 433 1544 servitus
455 1484 604 1545 constitui
627 1489 749 1564 potest,
774 1488 808 1544 ut
830 1501 940 1564 aquam
965 1501 1108 1564 quaerere
1130 1489 1162 1545 et
1184 1483 1301 1545 ducere

96 1587 193 1649 liceat
204 1585 245 1668 4).
288 1583 503 1663 Aqumductus
526 1589 558 1646 et
579 1585 801 1666 aquaebaustus
824 1587 915 1648 etiam
938 1586 1083 1666 pluribus
1106 1585 1173 1648 dari
1187 1588 1303 1665 potest,

96 1686 123 1750 si
148 1702 232 1766 aqua
256 1684 419 1747 sufficiens
440 1686 482 1746 sit
493 1687 529 1767 δ).

137 1785 294 1866 Reliquas
317 1786 490 1848 servitutes
511 1786 671 1851 commode
694 1806 733 1849 ex
745 1789 822 1869 ipsis
841 1790 919 1850 iuris
943 1788 1081 1850 lontibus
1105 1802 1304 1869 cognoscere

97 1888 228 1951 liceti.

139 1887 258 2070 §.4)10.
303 1986 498 2049 Urbanorum
529 1986 719 2066 praediorum
750 1988 917 2068 precipuae
946 1990 1119 2049 servitutes
1143 1993 1216 2049 sunt
1238 1987 1302 2049 hae:

100 2093 137 2150 ut
163 2088 290 2150 vicinus
313 2105 411 2150 onera
435 2088 531 2149 vicini
554 2081 785 2163 sustineat,'ut
808 2090 839 2150 in
866 2089 1018 2169 parietem
1044 2091 1112 2151 eius
1136 2087 1229 2151 liceat
1251 2089 1304 2150 vi-

99 2188 173 2250 cino
195 2189 318 2270 tignum
340 2188 519 2264 immittere,
541 2193 575 2247 ut
596 2187 791 2251 stillicidium
813 2187 866 2250 vel
888 2188 1002 2251 llumen
1027 2190 1160 2270 recipiat
1181 2191 1252 2268 quis
1273 2191 1304 2251 in

99 2286 189 2351 tedes
212 2304 287 2349 suas
310 2287 362 2349 vel
386 2289 419 2349 in
442 2286 578 2350 cloacam
601 2288 653 2351 vel
675 2291 708 2350 in
731 2308 853 2367 aream,
877 2289 930 2351 vel
951 2308 1013 2352 non
1038 2290 1185 2370 recipiat,
1210 2295 1241 2351 et
1263 2308 1303 2352 ne

98 2388 196 2451 altius
219 2387 312 2450 tollat
333 2389 404 2469 quis
426 2389 509 2452 aedes
532 2406 624 2467 suas,
653 2409 692 2452 ne
715 2389 883 2453 luminibus
907 2392 1003 2453 vicini
1027 2390 1198 2454 officiatur:
1232 2391 1304 2452 item

99 2490 244 2552 servitus
266 2490 476 2570 proliciendi,
510 2491 562 2553 vel
590 2491 799 2574 protegendi,
834 2497 888 2554 aut
909 2490 1143 2572 prospiciendi,
1176 2496 1208 2552 et
1237 2508 1306 2572 quae

100 2595 177 2653 sunt
198 2590 342 2672 reliquae.
781 2658 787 2669 ,

144 2710 176 2791 5.
188 2707 262 2773 411.
307 2707 343 2769 ln
361 2710 516 2771 servitute
538 2711 644 2772 oneris
659 2708 780 2772 lerendi
794 2707 872 2771 illud
886 2708 1051 2791 singulare
1066 2710 1202 2786 videtur,
1222 2711 1306 2790 quod

102 2812 188 2873 actio
211 2809 303 2873 nobis
325 2811 525 2890 competitio
551 2812 648 2873 vicini
671 2811 779 2892 praedii
799 2812 974 2873 dominum:
997 2817 1032 2871 ut
1053 2817 1084 2872 ct
1105 2827 1202 2873 onero
1222 2811 1309 2890 ferat

103 2917 133 2973 et
144 2910 277 2991 (edificia
291 2910 412 2992 relidat
423 2910 450 2999 ²)
469 2912 506 2973 ad
521 2928 591 2974 eum
606 2911 740 2988 modum,
765 2913 818 2991 qui
832 2912 987 2973 servitute
1002 2913 1144 2992 imposita
1161 2929 1307 2992 compre-

105 3010 224 3074 bensus
247 3016 317 3073 est:
347 3011 423 3073 licet
444 3012 477 3072 in
498 3011 641 3074 omnibus
665 3011 872 3074 servitutibus
893 3010 1025 3073 relectio
1049 3011 1087 3073 ad
1110 3029 1179 3073 eum
1203 3015 1306 3092 perti-

105 3118 196 3189 neat,
227 3112 283 3192 qui
312 3112 373 3173 sibi
401 3114 587 3175 servitutem
618 3114 744 3175 asserit.
790 3112 865 3173 Cum
894 3131 930 3174 ea
954 3112 993 3174 de
1017 3131 1053 3175 re
1077 3114 1174 3175 variae
1199 3120 1307 3176 essent

108 3219 249 3275 veterum
272 3210 414 3274 lCtorum
438 3214 620 3290 sententia,
656 3213 758 3276 Servii
788 3214 943 3276 sententia
970 3213 1187 3300 praevaluit8).
1230 3213 1306 3275 Nam

109 3328 165 3375 nou
188 3311 295 3377 solum
314 3311 367 3375 lex
385 3313 498 3377 edium
521 3314 563 3375 ita
586 3314 681 3377 scribi
703 3314 844 3377 solebat:
866 3313 994 3391 ,Partes
1014 3313 1100 3375 oneri
1117 3313 1308 3394 ferentinati

139 3591 166 3661 1)
183 3594 229 3646 Fr.
247 3593 272 3646 8.
290 3596 325 3646 D.
344 3596 370 3647 b.
388 3601 408 3646 t.

138 3662 412 3732 t)1vr.a.o.8,1
439 3662 488 3730 (do
509 3663 598 3732 sarm).
626 3669 657 3718 lr.
677 3665 720 3719 13.
746 3665 769 3725 ἓ.
788 3666 814 3717 1.
834 3664 860 3717 3.
884 3669 919 3718 D.
937 3666 968 3731 8,
986 3665 1011 3719 3.
1048 3667 1115 3720 Uter
1141 3669 1307 3724 dominorum

112 3732 204 3804 tllgera
222 3738 316 3805 possit,
335 3740 471 3805 quesitum
489 3744 538 3802 est,
556 3740 590 3790 ob
604 3741 636 3789 fr.
651 3736 693 3801 26.
711 3739 744 3787 D.
763 3737 825 3790 eod.

138 3805 168 3874 3)
185 3810 231 3861 Fr.
251 3808 277 3862 2.
296 3810 319 3869 §.
339 3811 365 3861 1.
385 3812 413 3862 in
430 3812 449 3860 f.
467 3811 501 3860 D.
519 3811 545 3860 b.
566 3814 584 3860 t.
604 3812 636 3860 fr.
659 3806 700 3860 17.
719 3808 742 3868 ἓ.
762 3809 786 3859 1.
805 3809 838 3858 D.
850 3805 894 3872 39,
912 3806 929 3859 3
948 3805 1306 3878 (deaquaataquaepluv.).

137 3875 167 3945 4)
184 3882 231 3932 Fr.
252 3878 294 3932 10.
313 3883 347 3932 D.
366 3881 393 3932 h.
413 3887 432 3932 t.
454 3877 502 3944 (da
520 3877 649 3949 reliquis).
670 3882 701 3930 fr.
719 3877 744 3931 8.
765 3880 807 3933 21.
826 3879 868 3931 22.
888 3878 931 3931 26.
951 3883 985 3931 1).
1007 3881 1033 3930 h.
1054 3886 1073 3932 t.

139 3946 168 4016 5)
186 3952 232 4004 Fr.
251 3949 277 4003 2.
296 3951 319 4012 5.
332 3951 356 4003 1.
375 3955 470 4004 D.b.t.
490 3951 561 4003 out.
581 3953 610 4005 0.
629 3952 655 4014 3,
672 3949 707 4002 34
730 3949 863 4017 (deserv.
882 3949 1024 4018 praedior.).
1043 3951 1125 4005 fato.
1145 3949 1168 4010 ὃ.
1176 3949 1201 4002 3.
1212 3954 1244 4003 D.
1253 3954 1279 4005 h.
1288 3957 1307 4006 l.

139 4017 169 4086 6)
188 4023 243 4076 cta.
260 4023 293 4074 fr.
311 4021 337 4075 3.
354 4041 394 4090 pr.
412 4026 444 4075 fr.
462 4022 488 4076 4.
506 4026 538 4075 fr.
557 4020 581 4074 5.
600 4023 623 4083 ἓ.
643 4023 668 4076 1.
687 4023 720 4072 D.
739 4021 765 4086 8,
786 4022 799 4074 1
822 4019 917 4088 (eod).

138 4086 169 4155 7)
184 4094 231 4145 Fr.
249 4090 275 4145 5.
297 4092 321 4153 1.
331 4092 356 4146 1.
373 4097 405 4147 lr.
415 4092 441 4146 8.
450 4111 489 4159 pr.
501 4104 527 4145 at
545 4093 603 4153 §.2
622 4096 656 4144 D.
674 4091 722 4151 §.5
742 4092 775 4159 (si
789 4110 857 4146 serv.
876 4091 972 4159 vind).
993 4097 1024 4146 fr.
1032 4093 1075 4146 33.
1094 4096 1127 4145 D.
1137 4092 1163 4159 8,
1184 4097 1200 4148 2
1220 4094 1308 4162 (h.t.).

140 4160 170 4229 8)
188 4164 302 4217 Vldatur
321 4167 431 4219 hocius
449 4167 569 4220 utilitatis
585 4166 700 4232 publicae
719 4181 801 4217 cause
820 4172 969 4233 receptum3
993 4182 1026 4217 ne
1043 4166 1132 4217 vicino
1157 4167 1237 4218 liceat
1262 4185 1309 4236 pa-

104 4229 199 4288 tiaram
215 4252 293 4299 auum
310 4238 350 4289 lta
366 4238 513 4304 negligere,
534 4244 564 4289 ut
582 4237 719 4288 aedificium
737 4238 890 4303 impositum
908 4253 986 4289 ruere
995 4239 1087 4302 possit.
1106 4239 1218 4290 Accedit
1236 4240 1309 4307 quod

105 4307 392 4374 expressissima,
420 4324 474 4377 quo
495 4310 614 4375 cogimur
632 4324 728 4362 nevere
753 4308 788 4361 de
808 4309 907 4361 damno
926 4311 1039 4373 infecto,
1067 4324 1156 4377 neque
1174 4317 1309 4376 caventes,

50 4398 55 4457 ι
107 4382 195 4445 Reque
211 4378 359 4434 molentes
379 4381 488 4433 domum
505 4382 641 4432 ruinosam
659 4385 792 4443 nostram,
823 4382 922 4447 expelli
938 4396 1096 4447 possumus,
1124 4383 1251 4435 missione
1276 4400 1312 4435 ax

110 4450 227 4503 mundo
245 4449 354 4506 decreto
374 4452 448 4504 data.
465 4451 562 4503 Totum
580 4451 652 4503 huno
669 4452 760 4503 locum
772 4452 936 4505 lucidissime
946 4452 1087 4505 illustravit
1099 4451 1313 4518 ΜίὶΙιΙσιιόιιιοΙι,

114 4510 205 4574 Arato
217 4524 270 4592 ftis
287 4526 359 4578 dett.
377 4523 490 4587 Prasia,
510 4527 528 4574 t.
547 4518 591 4588 14,
610 4538 636 4589 p.
654 4520 804 4576 321-340.
