2804 4966
110 304 164 361 230
439 308 639 347 lttsrtwrlottsss
655 308 728 345 lusis
746 305 849 345 mm
871 304 989 342 l’lthffl.

111 448 202 507 sunt:
233 447 269 503 ut
289 457 360 517 res,
385 440 424 502 de
448 449 508 520 qua
533 438 729 500 contrabitur
751 438 781 498 in
809 437 1034 520 obligationem
1062 438 1179 501 deduci
1202 440 1319 520 possit,

111 550 142 608 ει
164 549 199 606 ιιι
220 541 443 606 consenserint
465 539 699 601 contrahentes.
742 538 790 600 lle
810 538 946 621 singulis
965 539 1143 601 accuratius
1158 539 1317 602 dicemus.

153 648 183 727 ξ.
202 645 272 708 797.
318 642 377 715 Qui
399 640 520 703 nullum
541 641 666 702 omnino
683 639 878 701 intellectum
895 638 1021 715 babent,
1043 641 1236 701 contrahere
1254 657 1318 702 non

113 749 245 828 possunt
258 743 305 830 1),
334 760 393 804 nec
421 759 457 804 se
479 741 569 818 aliis,
593 759 652 803 nec
674 740 754 803 alios
776 740 836 803 sibi
860 739 1016 822 obligare.
1060 738 1137 802 lndc
1161 741 1319 802 furiosum

114 850 147 907 et
169 842 338 920 infantem,
369 844 440 905 sive
468 841 660 922 stipulentur
686 842 756 904 sive
782 842 979 922 promittant,
1014 839 1058 900 nil
1082 858 1181 923 agere
1204 845 1318 902 natura

112 943 313 1008 manifestum
339 947 387 1005 est
402 941 439 1028 ²).

157 1047 189 1127 §-
206 1043 276 1108 798.
320 1042 474 1122 Pupillus,
497 1041 551 1122 qui
575 1043 635 1103 iam
657 1040 794 1121 aliquem
819 1041 1011 1103 intellectum
1036 1042 1177 1104 habeti.
1205 1059 1235 1103 e.
1261 1042 1314 1121 qui

115 1145 175 1208 fari
195 1148 309 1224 potest,
332 1160 422 1204 omne
445 1142 608 1224 negotium
630 1145 718 1202 recte
741 1141 837 1222 gerit,
859 1141 902 1203 ita
924 1147 1045 1218 tamen,
1067 1147 1102 1202 ut
1125 1141 1180 1204 ubi
1204 1143 1317 1204 tutoris

114 1244 286 1309 auctoritas
309 1243 491 1305 necessaria
516 1243 568 1318 sit,
591 1241 776 1304 adhibeatur
800 1247 903 1303 tutor:
934 1261 1003 1304 nam
1025 1234 1121 1305 alium
1146 1242 1208 1305 sibi
1232 1241 1317 1304 obli-

116 1363 195 1429 gare
216 1345 309 1407 etiam
330 1344 399 1405 sine
422 1343 534 1404 tutoris
556 1342 743 1404 auctoritate
766 1341 918 1428 potest5).
969 1342 1048 1404 Num
1080 1343 1151 1405 iure
1180 1343 1315 1406 naturali

115 1446 220 1509 valeat
251 1443 403 1526 obligatio
438 1462 455 1504 a
480 1442 601 1523 pupillo
632 1444 752 1523 absque
782 1444 895 1505 tutoris
926 1445 1113 1506 auctoritate
1144 1448 1315 1519 contracta,

117 1547 210 1610 valde
233 1545 360 1608 dubium
383 1550 478 1625 atquo
501 1551 741 1606 controversum
765 1549 813 1606 εει
827 1544 876 1631 4);
913 1563 981 1606 nam
1012 1545 1086 1608 licet
1117 1552 1238 1607 certum
1269 1546 1319 1620 sit,

116 1652 219 1729 ipsum
238 1645 401 1728 pupillum,
425 1646 452 1707 si
476 1644 665 1725 locupletior
687 1645 760 1707 inde
782 1644 884 1706 lactus
906 1663 969 1707 non
993 1646 1034 1707 sit
1044 1645 1092 1731 ⁵),
1118 1663 1159 1706 ne
1182 1645 1317 1707 naturali

118 1750 243 1830 quidem
267 1748 337 1809 iure
360 1746 462 1808 teneri
476 1745 504 1831 6)
516 1763 526 1819 ;
549 1745 753 1808 nihilominus
777 1751 808 1807 et
828 1745 992 1808 indubitati
1007 1747 1087 1808 iuris
1102 1751 1162 1822 εει,
1186 1745 1320 1808 lideius-

117 1865 220 1912 sorem
243 1865 300 1929 pro
323 1847 376 1908 tali
402 1846 593 1929 obligatione
616 1854 790 1924 caventem,
815 1848 953 1910 civiliter
978 1865 1050 1909 esse
1067 1847 1254 1909 adstrictum
1272 1847 1321 1934 7);

116 1952 190 2013 item
228 1947 460 2029 stipulationem
491 1949 669 2010 novationis
703 1965 796 2011 causa
834 1967 903 2010 cum
941 1946 1061 2029 pupillo
1101 1948 1171 2010 sine
1208 1950 1322 2011 tutoris

118 2051 304 2113 auctoritate
327 2047 448 2124 factam,
472 2049 608 2128 priorem
622 2048 848 2131 obligationem
864 2048 979 2112 tollere
993 2049 1032 2132 8),
1056 2047 1247 2111 solutionem
1262 2047 1324 2111 dc-

118 2152 213 2231 nique
230 2167 270 2211 ex
286 2167 322 2210 ea
338 2148 376 2211 ab
392 2154 545 2210 extraneo
560 2150 740 2229 prestitam,
762 2133 1060 2212 naturale'debitun
1078 2150 1271 2232 extinguere
1282 2147 1323 2233 9).

162 2252 193 2334 ξ.
207 2250 278 2314 799.
322 2249 364 2326 Ιε,
386 2251 437 2310 cni
460 2251 551 2312 bonis
575 2249 775 2313 interdictum
800 2256 864 2328 est,
887 2250 1066 2331 stipulando
1089 2250 1149 2332 sibi
1172 2247 1323 2328 acquirit,

119 2351 176 2414 sed
197 2349 407 2430 promittendo
431 2350 565 2433 obligari
581 2369 643 2413 non
664 2352 835 2438 potest10).
859 2351 1160 2437 Quod·dicitur1¹):
1183 2348 1324 2430 puberes

118 2452 188 2514 siue
218 2451 415 2512 curatoribus
439 2452 505 2513 suis
529 2468 624 2531 posse
646 2470 685 2513 ex
710 2453 860 2532 stipulatu
889 2441 1036 2534 obligari,
1059 2452 1100 2512 ita
1132 2448 1325 2531 intelligen-

119 2551 262 2628 dumest,
286 2567 341 2612 eos
364 2550 401 2613 ad
425 2567 538 2631 operas
565 2551 617 2612 vel
640 2552 677 2613 ad
701 2552 781 2614 lacta
802 2553 978 2632 praestanda
1002 2569 1096 2632 posse
1110 2550 1249 2631 obligari
1263 2547 1324 2633 1’);

119 2669 190 2715 nam
212 2650 430 2730 patrimonium
452 2667 541 2713 suum
566 2669 619 2714 eos
649 2652 823 2715 diminuere
846 2671 908 2715 non
938 2670 1051 2734 posse,
1074 2653 1244 2714 certissimi
1273 2652 1328 2713 iu-

116 2750 161 2815 ris
186 2755 234 2812 est
246 2749 299 2836 1⁸).

162 2852 194 2932 ξ.
207 2850 278 2914 800.
324 2849 447 2912 lnutilis
470 2868 597 2932 quoque
623 2858 673 2914 εει
695 2852 866 2933 stipulatio,
891 2854 918 2916 si
943 2853 980 2915 ab
1005 2871 1044 2916 eo
1067 2853 1245 2935 stipularis,
1271 2855 1328 2934 qui

121 2946 182 3010 iuri
207 2955 261 3012 tuo
283 2950 444 3012 subiectus
467 2957 516 3013 εει
538 2952 604 3038 (vel
628 2970 696 3014 cum
719 2970 782 3033 quo
805 2953 864 3015 sub
888 2953 1029 3016 eiusdem
1050 2954 1149 3034 patris
1164 2959 1328 3036 potestate

123 3086 321 3099 ———

159 3194 697 3269 DnffiDQYQQmM

156 3264 185 3333 2)
229 3287 249 3321 r.
268 3267 294 3319 2.
315 3268 338 3329 ἓ.
358 3270 400 3322 12.
423 3269 464 3322 13.
483 3273 516 3323 Ι).
536 3271 580 3337 44,
600 3270 616 3324 7
635 3271 682 3340 (οε
698 3274 730 3326 Ο.
750 3279 776 3326 et
785 3271 839 3340 Α.)
858 3274 912 3329 on.
932 3279 959 3326 et
977 3274 1001 3335 §-
1011 3271 1116 3328 8.-·-10.
1136 3274 1157 3325 Ι.
1177 3275 1203 3327 ln
1225 3280 1246 3327 t
1267 3275 1330 3328 Gal.

122 3338 148 3391 3.
169 3337 193 3400 §-
230 3338 730 3409 06.108.n.70.o.45,1(mat

45 3451 57 3467 .
156 3409 173 3463 3
224 3409 335 3464 Ι910.
360 3413 381 3463 Ι.
401 3415 428 3464 h.
447 3420 464 3465 t.
497 3415 556 3466 Gai.
577 3415 602 3467 3.
625 3416 647 3474 9.
665 3415 723 3470 107.
747 3415 805 3468 109.
826 3419 858 3467 fr.
877 3413 919 3468 28.
936 3434 977 3484 pr.
994 3418 1029 3468 D.
1050 3415 1076 3480 2,
1096 3414 1130 3467 14
1149 3412 1329 3485 (depactis).

122 3483 155 3534 ir.
175 3480 300 3535 43.inf.
319 3485 352 3535 D.
371 3482 415 3547 44,
433 3482 450 3536 7
469 3484 516 3552 (de
538 3487 569 3538 Ο.
589 3492 616 3538 et
633 3485 686 3554 Α.)

157 3550 187 3618 4)
205 3554 352 3622 Eleganter
371 3557 442 3608 hanc
462 3560 668 3612 controversiam
687 3559 839 3626 exponite·
862 3556 1018 3624 Veragrorum,
1036 3558 1137 3611 Lebrb.
1155 3559 1176 3611 L
1195 3559 1219 3620 §-
1239 3558 1303 3614 279.

157 3621 185 3688 5)
206 3625 237 3675 ln
254 3628 307 3678 hoc
325 3627 394 3679 enirn
413 3644 478 3680 casu
503 3646 539 3681 ex
563 3633 667 3682 constit.
688 3632 749 3682 Diri
769 3629 810 3680 Pii
830 3629 941 3680 ciuiliter
959 3633 1070 3690 tenetur,
1089 3629 1117 3680 in
1136 3635 1270 3699 quantum
1288 3633 1330 3684 lo·

124 3696 264 3816 cupliettiplrd
274 3698 392 3830 ebetfr.
412 3697 436 3751 5.
454 3719 493 3768 pr.
518 3699 647 3764 1).26,8
672 3700 718 3768 (de
739 3706 808 3753 auct.
827 3697 896 3764 tut).
925 3703 957 3751 fr.
978 3698 1020 3753 13.
1047 3698 1070 3759 ἓ.
1091 3697 1116 3751 1.
1141 3704 1176 3754 Ι).
1203 3700 1259 3756 126
1279 3701 1330 3770 (de

121 3781 172 3818 con
193 3802 199 3816 .
265 3768 349 3819 eiti.

158 3833 185 3902 6)
205 3837 248 3886 Fr.
267 3835 309 3891 59.
327 3841 360 3889 D.
378 3835 422 3903 44,
441 3836 458 3890 7
478 3837 524 3906 (de
544 3841 576 3892 Ο.
597 3845 623 3893 ει
643 3837 695 3906 Α.)
713 3842 743 3892 fr.
762 3839 807 3891 41.
827 3844 861 3894 D.
876 3841 918 3906 12,
938 3836 1023 3908 olus
1042 3843 1123 3896 cond.
1140 3841 1251 3910 indeb.)
1281 3846 1333 3896 ad-

123 3911 244 3962 versetur
261 3909 292 3958 tr.
314 3907 357 3961 64.
375 3928 415 3976 pr.
433 3912 466 3960 D.
485 3910 529 3974 36,
549 3911 561 3962 1
582 3909 630 3978 (ed
649 3912 710 3965 SOt.
731 3912 832 3978 Trebl.

157 3975 187 4044 7)
206 3978 250 4029 ur.
267 3976 310 4030 42.
331 3997 370 4046 pr.
392 3983 425 4032 D.
445 3979 488 4044 12,
506 3983 522 4035 2
545 3980 593 4045 (de
608 3981 800 4048 iureiurando).
819 3987 850 4035 fr.
871 3980 930 4035 127.
951 3985 984 4035 Ι).
1001 3979 1046 4048 45,
1065 3983 1081 4036 l
1101 3983 1141 4050 (h.
1160 3983 1201 4050 t).

157 4045 185 4113 8)
206 4047 273 4109 63.
291 4051 312 4101 1.
333 4051 358 4114 2,
378 4050 413 4103 29
432 4049 514 4120 (quib.
533 4052 784 4120 nonobstante).
805 4057 836 4106 fr.
857 4053 881 4104 1.
903 4053 925 4113 ἓ.
945 4056 970 4108 1.
991 4057 1024 4105 Ι).
1042 4054 1087 4119 46,
1107 4055 1123 4106 1
1144 4053 1192 4120 (de
1204 4053 1331 4123 Norat).

158 4122 174 4175 9
207 4122 249 4172 Fr.
268 4117 312 4172 44.
331 4124 364 4174 D.
383 4121 428 4185 46,
447 4122 464 4176 3
482 4121 529 4189 (de
548 4122 648 4190 solut).
667 4129 698 4177 fr.
719 4123 761 4176 21.
782 4143 820 4191 pr.
841 4127 873 4176 D.
893 4122 936 4190 35,
956 4127 972 4178 2
992 4124 1041 4187 (ed
1058 4128 1111 4193 leg.
1131 4125 1232 4193 Pale).

139 4190 174 4245 10
208 4193 250 4242 Fr.
271 4190 296 4244 6.
315 4195 349 4245 Ι).
366 4190 411 4256 45,
431 4194 445 4244 1
467 4191 514 4258 (de
534 4196 565 4244 V.
579 4195 650 4262 Ob).
670 4198 716 4247 cfr.
736 4201 763 4248 et
780 4198 816 4247 fr.
830 4195 855 4248 3.
876 4198 909 4247 Ι).
927 4196 972 4262 46,
990 4198 1007 4250 2
1029 4195 1079 4263 (de
1097 4195 1189 4264 Nom).

141 4259 185 4326 11)
206 4264 229 4314 Δ
250 4262 399 4318 Modestiae
417 4264 446 4316 in
466 4268 497 4316 fr.
517 4262 579 4316 101.
596 4268 630 4318 D.
649 4265 694 4329 45,
714 4266 728 4316 1
751 4265 790 4333 (h.
812 4264 851 4333 t).

140 4332 184 4397 12)
204 4335 266 4397 Arg.
285 4333 328 4388 20.
347 4339 380 4389 D.
398 4334 442 4399 23,
462 4334 479 4387 2
498 4332 546 4401 (de
562 4338 613 4387 ritu
632 4335 767 4404 nuptiae).

139 4400 184 4469 13)
204 4405 233 4455 0.
251 4402 276 4455 3.
297 4407 325 4458 0.
345 4407 370 4470 2,
387 4405 422 4458 22
441 4405 533 4473 (dein
551 4408 644 4474 integr.
663 4414 724 4460 rest.
744 4403 857 4473 minoe).
876 4425 900 4460 e.
918 4409 1066 4477 Veaperow
1085 4408 1109 4471 6.
1119 4409 1182 4464 291.
1200 4424 1264 4465 eum
1274 4411 1323 4463 cb-

123 4470 200 4542 llgerl
218 4473 326 4542 quidem
342 4494 428 4547 neque
445 4494 509 4533 vero
528 4479 647 4549 alienare
664 4493 744 4548 posse
763 4480 907 4533 contendit.

205 3197 227 3247 F

205 3268 227 3317 F

214 3337 226 3388 1

206 3409 221 3470 9
