2804 4966
97 107 152 170 198
421 116 621 158 rrrrrrorronrs
641 116 715 157 rum
733 114 838 157 noram
856 113 975 160 aarum.

98 255 234 331 venerit,
257 257 346 316 recte
366 255 489 332 potest,
512 250 584 331 quia
609 255 730 315 certum
752 250 852 315 estid
873 250 1132 340 debitnmiri1),
1160 251 1315 318 simodo

103 372 165 418 non
188 371 246 434 pro
270 353 426 435 legatario
449 352 531 414 diem
553 350 744 432 adscriptum
767 368 838 414 csse
863 351 1058 440 appareret).

138 461 170 538 ς.
182 453 255 519 698.
299 453 419 527 Quodsi
441 454 493 515 cui
515 455 547 515 in
569 454 630 515 hoc
651 453 789 535 legatum
810 454 863 531 sit,
886 459 921 514 ut
941 471 982 516 ex
1006 471 1044 516 co
1069 453 1190 534 aliquid
1212 455 1331 519 face-

97 562 158 633 ret,
182 555 281 618 veluti
304 561 536 619 monumentum
559 557 715 631 testatori,
738 554 790 616 vel
812 571 891 634 opus
913 559 967 617 aut
988 555 1115 635 epulum
1132 557 1337 639 municipi·-

98 659 158 723 bus
181 656 321 734 iaceret,
347 658 399 719 vel
422 662 458 717 ut
479 675 518 718 ex
543 673 581 718 eo
603 660 723 736 partem
745 655 799 717 alii
824 656 1028 731 restitueret,
1060 654 1230 719 roboredo
1252 657 1337 719 te-

99 765 207 844 getum
231 757 412 844 videtur³).
449 756 562 820 Modus
584 755 762 837 implendus
784 761 844 832 est,
869 757 961 818 etiam
983 756 1010 816 si
1033 755 1164 820 heredis
1184 758 1229 820 nil
1250 759 1337 820 im·-

100 860 209 936 tcrsit,
238 857 269 920 id
294 857 413 943 fieri⁴).
459 856 517 919 Ubi
540 856 652 920 modus
675 857 816 919 adiectus
840 862 905 932 est,
934 855 1074 938 legatum
1103 857 1209 920 statim
1240 855 1337 939 peti

99 965 222 1042 potest,
255 959 421 1021 dummodo
452 957 624 1040 legatarius
657 956 696 1020 de
728 955 820 1019 modo
843 955 1041 1035 adimplendo
1063 958 1230 1044 caveatt).
1272 957 1337 1023 St

99 1082 162 1127 non
190 1058 398 1141 adimpleatur
420 1058 549 1135 modus,
577 1057 629 1121 vel
653 1059 826 1140 legatarius
850 1056 1104 1138 adimplendum
1129 1059 1223 1142 cogi,
1253 1058 1338 1121 ve]

99 1165 238 1246 legatum
259 1162 362 1240 repeti
385 1163 491 1240 potest
504 1159 546 1243 6).

100 1351 169 1405 rm.
187 1349 235 1403 111.
263 1347 312 1400 ou
326 1343 584 1408 accursrmonn
597 1343 911 1397 uacaroauurou
924 1341 1050 1396 aarum
1063 1330 1337 1403 sinemurum

351 1435 421 1485 rna
438 1427 753 1486 rromooumssuu
771 1431 1006 1484 nauroraauu
1022 1430 1052 1501 ⁷).

143 1570 256 1654 §.699.
302 1569 334 1633 Si
358 1567 397 1631 de
417 1567 625 1646 acquisitione
647 1567 746 1649 legati
768 1568 940 1646 quaritur,
968 1573 1041 1630 ante
1064 1570 1168 1631 omnia
1190 1568 1337 1631 viden-

99 1674 172 1735 durn
194 1676 259 1732 est:
284 1687 322 1732 aa
347 1667 416 1730 dies
438 1667 536 1750 legati
558 1666 716 1730 cesserit?
746 1667 822 1729 Nam
845 1669 897 1730 die
918 1667 1051 1731 cedente
1072 1674 1192 1731 tantum
1212 1668 1337 1753 lega·-

99 1777 164 1835 tum
187 1773 307 1833 firmum
330 1769 505 1849 efficaxque
527 1774 586 1844 cst,
610 1772 642 1830 et
664 1768 819 1851 legatario
842 1767 986 1830 debetur.

142 1877 173 1954 ξ.
188 1872 258 1936 700.
304 1871 505 1953 Legatorum‚
528 1886 598 1949 quae
620 1887 699 1949 pure
721 1868 774 1932 vel
795 1870 828 1930 in
849 1868 931 1932 diem
951 1875 1072 1933 certum
1094 1871 1208 1934 relicta
1224 1872 1326 1943 sumt,

101 1972 170 2034 dies
193 1971 325 2034 cedebat
347 1972 476 2050 antiquo
500 1970 624 2049 quidem
649 1971 720 2032 iure
743 1988 783 2032 ex
810 1972 918 2033 mortis
949 1973 1112 2034 testatoris
1143 1978 1319 2054 tempor05

101 2091 159 2155 per
182 2073 286 2155 legem
308 2077 413 2135 autern
435 2071 557 2150 Papiam
578 2071 740 2151 Poppaeam
765 2090 805 2133 ex
826 2072 945 2151 apertis
968 2071 1082 2134 tabulis
1113 2071 1307 2136 testamenti.

100 2173 218 2237 Eorum
240 2190 337 2248 vero,
369 2188 438 2252 quae
464 2171 523 2232 sub
546 2171 726 2234 conditione
747 2173 856 2234 relicta
879 2177 964 2249 sunt,
989 2190 1059 2234 curn
1081 2174 1224 2236 conditio
1246 2191 1303 2237 ex-

100 2275 217 2337 stiterit
229 2271 271 2359 8).
314 2273 344 2334 A
365 2272 536 2335 Iustiniana
556 2272 605 2334 ius
629 2276 789 2353 antiquum
808 2275 988 2337 restitutum
1011 2278 1061 2336 εει
1072 2272 1124 2359 ⁹):
1149 2275 1258 2355 itaque
1277 2273 1299 2338 si

99 2392 213 2455 purum
234 2373 373 2455 legatum
396 2373 541 2436 relictum
565 2379 624 2449 est,
650 2392 690 2436 ex
709 2374 760 2436 die
782 2354 892 2437 mortis
917 2374 985 2437 dies
1009 2375 1078 2436 cius
1102 2375 1190 2437 cedit
1200 2375 1249 2456 ¹⁰),
1274 2379 1298 2436 et

99 2476 127 2539 si
149 2479 221 2555 post
241 2493 311 2536 eum
333 2475 415 2538 diem
437 2475 609 2556 legatarius
632 2474 823 2554 decesserit,
851 2475 890 2537 ad
912 2474 1061 2539 heredem
1083 2493 1177 2538 suum
1201 2481 1300 2538 trans-

100 2561 163 2642 fc'rt
184 2573 334 2654 legatum.
377 2573 443 2637 Nec
466 2574 593 2637 heredis
615 2575 710 2638 aditio
734 2594 850 2639 moram
872 2576 1010 2639 cessioni
1032 2575 1095 2639 diei
1118 2577 1207 2654 tacit,
1232 2576 1300 2641 licet

101 2675 244 2756 petitioni
268 2673 420 2759 sociatu).

105 2797 303 2809 m

219 2911 226 2994 ξ
246 2871 314 2995 1ἒ.
334 2870 524 3010 1’53’97’(ἀε
540 2943 677 3013 reg.iur.).
695 2949 726 2998 tr.
747 2945 789 3000 15.
808 2943 839 2998 D.
849 2944 894 3011 33,
911 2945 925 2998 1
944 2943 992 3012 (de
1010 2947 1107 3002 annuis
1123 2945 1201 3019 lep).
1221 2944 1305 3001 reat.

248 3087 261 3139 1

134 2942 151 2996 2
262 2941 288 2996 7.
311 2942 341 2996 Ι).

116 3012 167 3066 ,5.
213 3053 219 3066 .
240 3015 284 3068 31.

133 3084 162 3151 8)
262 3085 288 3140 7.
308 3087 331 3148 ἕ.
349 3087 376 3142 4.
396 3085 426 3140 D.
446 3089 473 3140 h.
490 3093 509 3138 t.
609 3085 638 3154 4)
659 3088 702 3155 Fa.
724 3086 765 3145 19.
789 3085 819 3139 Ι).
838 3087 881 3142 32.

135 3155 163 3222 5)
263 3158 288 3211 0.
307 3159 335 3211 in
355 3162 373 3211 f.
392 3161 424 3211 fr.
443 3157 486 3211 80.
506 3159 538 3208 D.
558 3158 616 3211 h.t.

133 3226 203 3294 6)u
262 3229 287 3283 7.
308 3230 331 3290 ἕ.
348 3230 374 3283 4.
395 3228 425 3283 D.
445 3231 472 3281 h.
488 3236 507 3281 t.
528 3247 549 3280 o.
571 3229 595 3280 1.
615 3231 644 3282 0.
664 3229 689 3293 6,
706 3229 742 3282 45
769 3230 817 3295 (de
834 3231 890 3295 his,
915 3247 974 3300 quae
998 3231 1050 3282 sub
1076 3229 1160 3284 modo
1184 3231 1306 3303 rolino).

100 3317 122 3352 c.
144 3300 168 3353 1.
236 3303 262 3366 8,
283 3299 317 3354 55
337 3299 384 3368 (de
404 3303 494 3354 donat.
511 3303 560 3352 sub
577 3299 680 3366 modo).

132 3370 162 3437 7)
181 3376 214 3425 Ι).
232 3373 281 3438 36,
294 3373 318 3425 2.
340 3375 368 3425 D.
387 3373 412 3438 6,
430 3372 465 3426 53
487 3372 607 3442 (quando
626 3373 682 3429 dies
699 3374 752 3437 leg.
773 3372 818 3423 rel
835 3373 995 3425 fideicomm.
1015 3370 1115 3438 cedat).

134 3440 162 3508 8)
182 3445 273 3496 Verba
297 3445 359 3513 Uip.
384 3447 413 3497 in
429 3449 460 3497 t‘r.
480 3445 577 3496 XXIV.
596 3442 639 3495 31.
677 3444 721 3495 Ad
744 3445 786 3495 ius
805 3446 895 3512 Papia
918 3450 1039 3511 apostant
1062 3447 1096 3496 tr.
1117 3442 1160 3495 10.
1186 3442 1212 3503 fi.
1234 3442 1260 3496 1.
1280 3444 1306 3497 2.

99 3518 130 3567 fr.
149 3514 190 3566 12.
212 3513 243 3567 D.
262 3515 305 3580 29,
324 3517 340 3570 3
359 3516 529 3582 (testamenta
548 3513 761 3584 quemadmod.).

136 3584 164 3651 9)
184 3587 213 3638 Ο.
230 3602 275 3638 un.
296 3588 319 3646 §-
339 3587 362 3638 1.
383 3586 407 3640 5.
427 3590 456 3641 O.
476 3588 502 3651 6,
522 3586 564 3640 51.
583 3590 625 3639 cit.
887 3640 888 3643 ,

119 3655 164 3722 10)
182 3660 225 3709 Fr.
245 3657 271 3710 5.
290 3657 313 3717 9.
333 3657 358 3709 1.
376 3655 407 3709 Ι).
430 3661 456 3709 h.
480 3664 497 3710 t.
533 3660 602 3712 Sunt
619 3664 710 3709 tamen
728 3657 850 3726 quadem
867 3659 968 3726 legate,
993 3659 1150 3728 inquibus,
1176 3663 1307 3728 quamvis

99 3744 165 3797 pure
185 3730 278 3781 relicta
297 3730 356 3793 siut,
374 3735 492 3797 tempore
511 3733 602 3783 mortis
624 3731 757 3782 testatorta
775 3730 835 3783 dies
853 3747 907 3783 non
926 3731 1011 3795 ecdit3
1030 3733 1212 3798 mancipare
1230 3747 1308 3786 usus·

98 3805 201 3855 fructus
220 3803 254 3853 eit
271 3801 377 3867 legatus
397 3803 441 3853 rel
460 3817 524 3852 usus
544 3804 588 3853 vel
604 3803 743 3864 habitatio,
761 3816 849 3869 neque
867 3817 959 3856 eorum
978 3803 1035 3854 dice
1053 3807 1115 3854 ante
1134 3802 1241 3853 aditum
1260 3804 1308 3857 he·

98 3874 238 3926 reditatem
258 3873 338 3936 oedit,
359 3888 447 3940 neque
466 3873 558 3938 petitio
577 3873 614 3923 ad
631 3873 760 3924 heredem
777 3874 884 3925 transit:
907 3875 972 3926 item
989 3875 1012 3926 si
1023 3888 1060 3925 ex
1073 3874 1118 3926 die
1136 3877 1307 3930 ususfructus

97 3946 205 3997 relictus
222 3945 268 3995 sit:
288 3961 351 3995 uam
371 3960 431 3993 cum
451 3943 625 4009 adheredom
644 3946 700 3995 haec
718 3946 777 3995 iure
796 3961 850 3996 uon
866 3948 1076 4007 transferentem
1092 3947 1193 3997 frustm
1213 3952 1264 4011 eet,
1281 3951 1306 4002 ei

99 4021 161 4068 ante
181 4017 239 4084 quis
257 4016 327 4066 diem
346 4031 437 4067 eorum
456 4015 553 4066 cedere
575 4016 679 4066 dixerit.
698 4017 741 4067 Fr.
752 4015 776 4067 2.
795 4013 820 4069 3.
843 4013 872 4066 D.
891 4020 918 4068 h.
939 4022 957 4069 t.
977 4020 1029 4069 cfr..
1041 4017 1122 4069 etiem
1140 4019 1172 4068 fr.
1191 4016 1220 4069 9.
1242 4021 1305 4075 eod.

96 4089 129 4138 In
146 4090 177 4138 tr.
198 4103 242 4138 un.
266 4086 289 4146 §-
306 4085 330 4139 2.
351 4085 381 4137 Ι).
402 4083 427 4148 7,
444 4084 471 4137 3.
507 4086 595 4137 Huius
618 4087 681 4138 iuris
704 4088 772 4139 ratio
798 4088 833 4138 ab
850 4088 968 4156 Ulpiano
994 4089 1037 4141 his
1054 4087 1144 4142 verbio
1164 4088 1304 4144 redditur:

100 4162 164 4208 tunc
185 4160 254 4209 enim
273 4158 441 4211 constituitur
459 4161 634 4222 ususfructus,
652 4174 710 4209 oum
730 4159 790 4228 quis
805 4159 861 4210 iam
877 4161 928 4213 frui
946 4165 1043 4251 potest
1073 4160 1128 4212 cfr.
1149 4159 1184 4213 de
1202 4162 1305 4217 eodm

97 4230 128 4278 fr.
146 4244 190 4278 un.
211 4230 253 4280 cit.
270 4232 299 4282 in
318 4230 425 4299 reliquis
443 4227 482 4289 §§.
501 4231 565 4281 item
584 4231 615 4279 ir.
635 4228 677 4281 16.
697 4229 720 4292 t.
742 4228 765 4281 1.
785 4228 810 4281 2.
830 4232 864 4283 Ι).
886 4233 912 4284 h.
931 4236 950 4285 t.

116 4294 161 4362 11)
180 4300 223 4350 Fr.
242 4298 267 4351 7.
285 4318 324 4367 pr.
345 4299 368 4362 9.
386 4298 464 4354 Ι-Ιι
485 4297 517 4351 D.
537 4301 563 4351 h.
582 4304 600 4350 t.

182 2945 203 2993 r

99 3013 115 3074 t

183 2875 219 2924 Fr

204 2962 218 2995 r

188 3011 210 3059 D

182 3087 225 3139 Fr.

183 3159 226 3209 Fr.
244 3158 262 3211 4

204 3248 225 3282 r.

189 3302 218 3354 (t.
