2804 4966
531 333 613 372 urana
628 333 672 372 nr.
695 333 831 376 0111111.
1227 329 1280 383 201

76 462 237 544 obligatio
259 460 367 525 verbis
388 459 522 523 tollitur.
565 459 632 523 lioc
653 465 758 523 autem
780 461 814 522 iit
842 478 900 541 per
921 463 1212 544 acceptilatioaem,
1243 467 1283 530 de
1328 524 1330 529 .

77 581 142 644 qua
164 563 309 626 breviter
330 561 494 625 dicendum
517 566 576 623 est.
1166 595 1169 599 ·

120 686 152 764 g.
164 681 260 746 1020.
302 680 529 744 1100011111110
541 683 568 768 ²)
594 683 644 741 est
675 681 820 742 remissio
853 681 950 744 debiti
981 701 1039 763 per
1071 687 1284 768 imaginariam

76 783 272 847 solutionem
302 783 408 845 verbis
434 782 607 861 conceptis
625 779 757 842 oblatam
787 788 818 842 et
846 790 1023 864 acceptam3
1047 787 1099 865 qni
1131 788 1210 848 enim
1240 788 1283 865 id,

77 886 166 967 quod
190 902 231 947 ex
252 882 424 946 veromam
446 880 641 964 obligatione
661 884 691 944 ei
712 883 855 961 debetur,
877 887 1038 948 remittere
1056 887 1144 965 velit,
1168 892 1285 970 patitur

77 987 257 1050 debitorem
279 985 346 1047 baec
368 984 466 1046 verba
489 981 615 1046 dicere:
638 982 727 1058 Quod
746 1000 801 1063 epo
821 983 877 1045 tibi
896 987 1034 1065 promisi,
1059 987 1192 1051 tabesne
1220 1006 1278 1050 ac-

78 1086 267 1173 001110ωῆ1
290 1092 322 1149 01
344 1085 467 1149 debitor
488 1084 679 1167 respondet:
710 1083 834 1148 Habeo:
865 1104 926 1168 quo
957 1088 1039 1151 lacto
1070 1091 1110 1153 ita
1143 1093 1279 1154 extincta

79 1197 130 1254 est
152 1190 323 1271 obligatio,
356 1189 442 1250 acsi
471 1206 510 1250 ex
537 1206 573 1249 ea
596 1187 733 1251 solutum
756 1190 889 1270 esset³).
933 1188 972 1251 Et
1001 1209 1062 1253 non
1086 1190 1188 1253 solum
1212 1193 1282 1272 ipse

79 1292 208 1354 debitor
229 1289 383 1352 liberatus
405 1292 464 1365 est,
488 1286 544 1350 sed
566 1289 658 1349 etiam
682 1293 713 1350 et
735 1288 942 1352 fideiussores
960 1291 1185 1378 etpignoral).
1216 1293 1283 1353 ilc-1

75 1393 246 1474 -ceptiiatio
266 1391 344 1453 licet
361 1391 432 1452 iuro
456 1387 544 1451 civili
563 1389 751 1465 introducta,
775 1390 942 1453 nilominus
964 1392 1044 1454 iuris
1068 1394 1210 1476 gentium
1224 1392 1283 1455 ba-

77 1494 186 1571 betur,
209 1493 347 1574 ideoquo
370 1498 402 1555 et
419 1510 525 1576 greca
546 1495 686 1556 oratione
707 1493 774 1554 lieri
794 1498 909 1574 potest.
966 1494 1056 1568 Quod
1083 1513 1144 1557 non
1168 1512 1207 1556 ex
1222 1496 1283 1556 sti-

77 1595 246 1679 pulatione
267 1594 324 1656 sed
347 1610 388 1656 ex
413 1593 474 1656 alia
506 1610 600 1656 causa
626 1592 777 1671 debetur,
809 1595 870 1656 nisi
903 1597 934 1656 in
963 1596 1196 1677 stipulationem
1227 1614 1285 1678 per

78 1699 284 1762 novationem
306 1695 483 1771 deducitur,
506 1695 746 1775 acceptilatione
770 1695 904 1757 dissolvi
926 1714 988 1758 non
1010 1699 1160 1779 potasti).
1191 1701 1284 1762 Atta-

80 1816 152 1862 men
185 1814 262 1861 reus
292 1794 357 1859 doli
380 1796 579 1876 exceptione
610 1810 684 1856 sese
717 1796 801 1856 tueri
834 1801 957 1876 potest,
988 1795 1144 1859 adversus
1175 1807 1284 1880 postea

81 1906 230 1985 agentem
253 1899 458 1962 creditorem:
481 1914 639 1961 consensu
663 1901 744 1960 enim
767 1898 904 1960 debitum
928 1898 1020 1960 alteri
1044 1901 1209 1962 remisisse
1232 1903 1285 1963 vi-

80 2002 229 2088 detur⁶).
704 2002 709 2011 ’
1279 2011 1281 2021 “

124 2106 155 2186 ξ.
168 2100 262 2167 tuat.
308 2101 347 2162 Ut
366 2106 469 2163 autem
490 2117 598 2163 omnes
620 2100 746 2162 omnino
761 2098 922 2162 cuiusdam
940 2101 1150 2184 obligationes
1167 2120 1284 2182 accep-

79 2203 225 2266 tilatione
248 2218 310 2263 una
331 2206 464 2282 possent
485 2193 629 2277 dissolvi,
651 2199 774 2280 prodita
799 2205 847 2261 est
873 2200 1086 2280 stipulationis
1110 2201 1243 2264 formula
1266 2223 1283 2264 a

83 2300 317 2393 Iurisconsulto
336 2302 483 2382 Aequilio
504 2301 606 2377 Gallo,
630 2319 687 2381 per
702 2318 793 2381 quarn
806 2302 941 2362 omnium
953 2319 1058 2364 rerum
1073 2303 1284 2386 obligationes

83 2407 117 2467 in
137 2422 233 2467 unam
254 2402 486 2484 stipulationem
508 2420 567 2484 per
590 2406 791 2464 novationem
815 2401 1022 2479 deducuntur,
1049 2409 1079 2464 et
1101 2403 1285 2467 deindeas-

82 2512 184 2587 ceptae
206 2504 362 2566 feruntur.
406 2500 570 2565 invenitur
591 2501 787 2583 Aequilianae
808 2503 1019 2582 stipulationis
1039 2504 1169 2568 formula
1183 2507 1214 2567 in
1230 2502 1286 2567 ln-

78 2605 300 2670 stitutiombus
322 2604 522 2668 lusbnianeis
536 2604 572 2687 ²).

124 2724 154 2807 ξ.
169 2721 265 2789 1028.
311 2722 464 2786 ceterum
486 2723 683 2805 acceptilatio
706 2741 810 2804 neque
832 2723 889 2786 sub
913 2723 1103 2801 conditione,
1125 2743 1229 2806 neque
1250 2726 1284 2786 in

80 2826 165 2888 diem
191 2822 260 2887 deri
281 2829 396 2904 potest,
421 2842 489 2886 cum
513 2823 681 2888 solutionis
705 2824 848 2905 exemplo
872 2824 1180 2915 soleatlibara1·e⁸).
1223 2827 1283 2891 Sed

80 2948 140 3012 pro
161 2934 252 3011 purte
275 2927 372 2990 debiti
384 2946 450 2989 eam
473 2926 553 3004 lieri,
577 2926 663 2987 nulla
685 2927 763 2987 iuris
786 2927 866 2988 ratio
889 2926 1083 3008 probibet9),
1108 2928 1135 2988 si
1158 2928 1283 3009 quidem

80 3030 127 3107 id,
151 3029 236 3110 quod
261 3028 406 3104 debetur,
429 3027 617 3091 divisionem
637 3027 752 3106 recipit
762 3028 815 3113 1⁰).

124 3150 155 3230 §-
170 3145 263 3213 1029.
308 3145 397 3219 Quod
413 3145 451 3208 ad
474 3153 604 3208 ceteras
623 3162 715 3208 casus
729 3146 876 3225 pertinet,
897 3146 1056 3226 inquibus
1073 3148 1284 3231 obligationes

79 3250 151 3328 ipso
173 3249 243 3309 iure
260 3246 424 3323 tolluntur,
438 3246 585 3324 sufficiet,
611 3252 646 3308 ut
661 3249 692 3309 in
706 3249 884 3309 memoriam
896 3265 1100 3310 revocemus:
1125 3247 1286 3328 exstingui

80 3349 308 3431 obligationes,
332 3349 359 3410 si
379 3365 434 3414 res¹
454 3347 559 3413 debita
581 3366 656 3411 casu
678 3350 762 3429 perit
786 3349 838 3411 vel
862 3355 947 3411 extra
972 3350 1191 3411 commercium
1214 3363 1286 3408 esse

81 3449 194 3530 incipit
204 3448 264 3536 11);
288 3449 452 3513 itemalias
472 3455 571 3512 morte
594 3451 727 3531 partium
749 3449 830 3511 finiri
852 3456 905 3512 aut
928 3468 1033 3512 eurum
1054 3449 1285 3515 renuntiatione

119 3729 149 3798 1)
170 3733 231 3800 Dig.
250 3731 296 3796 46,
313 3731 339 3785 4.
358 3732 382 3792 ξ.
401 3733 426 3786 2.
444 3734 465 3784 Ι.
483 3732 510 3796 3,
528 3731 562 3787 29
582 3729 620 3798 (h.
638 3728 678 3797 1.).
701 3732 760 3784 Gai.
779 3732 805 3785 3.
826 3728 984 3785 169.-171.

118 3802 148 3870 2)
170 3804 328 3856 Permulam
346 3807 483 3871 proferunt
502 3804 561 3855 Gai.
580 3803 605 3856 3.
631 3803 653 3864 ἓ.
674 3803 733 3856 169.
760 3809 786 3855 01
804 3803 827 3862 ἓ.
847 3803 871 3855 1.
898 3805 920 3854 1.
939 3802 964 3866 3,
984 3800 1018 3854 29
1040 3795 1115 3867 (cit).
1152 3799 1285 3865 Exempla

81 3877 167 3945 plura
185 3877 272 3929 habea
289 3876 317 3926 in
334 3879 364 3929 11.
382 3874 408 3928 4.
427 3878 452 3930 9.
471 3874 515 3929 13.
536 3874 558 3934 §-
578 3876 604 3928 9.
623 3878 654 3927 11.
677 3875 720 3928 15.
737 3893 776 3942 ρ1.
795 3878 827 3925 D.
850 3878 876 3926 h.
895 3881 913 3926 t.

119 3944 148 4013 3)
168 3945 274 3999 1113.
295 3943 430 4006 91111.
450 3946 491 3999 16.
511 3948 543 3998 D.
564 3949 590 3997 h.
609 3951 627 3997 1.
727 3945 755 4013 4)
774 3945 797 4004 ἓ.
818 3945 842 3996 1.
861 3949 882 3997 Ι.
902 3947 929 3998 h.
949 3953 968 3998 1.
988 3948 1018 3996 ir.
1038 3943 1064 3996 8.
1083 3942 1106 4002 9.
1124 3940 1150 3995 4.
1172 3944 1204 3992 Ι).
1224 3941 1285 3992 aod.

118 4015 149 4084 5)
171 4019 231 4070 Gai.
254 4016 280 4070 3.
300 4016 323 4076 §-
344 4015 404 4071 170.
422 4019 450 4070 in
468 4021 486 4070 1.
506 4017 529 4077 ἓ.
547 4018 571 4070 1.
588 4019 610 4069 Ι.
631 4019 690 4068 aod.
709 4021 739 4068 11.
758 4016 784 4069 8.
803 4017 825 4077 ἓ.
845 4017 870 4069 3.
890 4019 919 4069 C.
939 4018 998 4070 eod.

119 4085 149 4149 6)
169 4091 214 4141 Fr.
228 4090 277 4153 19.
296 4107 334 4157 pr.
353 4092 384 4141 11.
403 4088 447 4142 23.
465 4093 498 4141 D.
516 4090 543 4140 h.
562 4094 580 4139 1.
601 4092 633 4140 11.
653 4085 737 4148 210.
760 4087 784 4146 9.
803 4091 838 4140 Ι).
855 4090 915 4140 eod.

118 4157 148 4226 7)
169 4160 192 4220 §.
211 4159 237 4212 2.
256 4161 277 4211 Ι.
296 4162 322 4211 h.
341 4165 359 4211 t.
378 4164 410 4212 11.
430 4157 472 4213 18.
492 4159 515 4220 3.
536 4159 560 4212 l.
581 4163 611 4211 D.
632 4160 693 4210 eod.
794 4158 822 4225 8)
842 4161 885 4210 Fr.
905 4159 931 4212 4.
950 4157 975 4211 5.
993 4162 1026 4210 D.
1047 4158 1105 4207 h.t

118 4229 148 4298 9)
166 4233 211 4284 er.
230 4232 256 4286 9.
275 4230 318 4285 10.
342 4233 375 4284 D.
396 4232 423 4283 h.
442 4238 461 4290 1.
480 4231 503 4291 ἓ.
525 4231 549 4283 Ι.
569 4233 590 4282 Ι.
610 4234 636 4282 h.
657 4238 675 4282 1.
703 4230 761 4281 oar.
782 4228 808 4293 3,
829 4228 887 4282 172.
925 4232 991 4281 Erat
1016 4234 1042 4280 et
1059 4227 1112 4276 alia
1130 4224 1288 4290 imaginaria

83 4305 185 4357 solutio
204 4305 288 4356 veteri
305 4305 362 4356 iure
380 4320 509 4367 remano,
535 4319 592 4372 quae
609 4318 657 4369 ρο1
675 4318 710 4353 aaa
728 4308 754 4352 et
773 4303 870 4352 libram
888 4303 971 4352 fiebat
996 4307 1022 4352 et
1040 4303 1147 4363 recepta
1167 4295 1203 4347 ad
1223 4297 1287 4346 nexi

83 4375 274 4428 liberationem
295 4380 341 4426 aut
362 4377 384 4428 si
403 4390 439 4426 ex
460 4389 543 4427 causa
562 4374 674 4426 iudicati
686 4373 749 4442 quid
762 4373 881 4424 debitum
903 4378 980 4424 00001.
1002 4371 1061 4422 (iai.
1070 4369 1117 4421 ΙΙΙ.
1128 4364 1288 4419 173.—174.
1304 4409 1306 4413 ,

104 4444 153 4512 10)
172 4447 216 4498 10.
237 4444 279 4499 13.
299 4445 323 4505 a.
344 4445 370 4499 1.
386 4446 411 4499 a.
429 4447 462 4496 u.
483 4448 510 4498 1.
533 4451 552 4496 e.

102 4515 152 4583 11)
170 4518 216 4570 aa.
234 4514 279 4570 aa.
298 4515 322 4578 a.
340 4515 367 4571 a.
385 4514 412 4568 4.
431 4518 465 4569 n.
481 4513 526 4580 aa,
546 4514 561 4568 1
582 4512 628 4583 (aa
648 4511 754 4578 10.).
773 4517 805 4567 a.
825 4511 884 4566 aas.
903 4515 937 4564 u.
957 4510 1000 4577 so,
1020 4510 1054 4563 17
1074 4509 1123 4579 (10
1143 4524 1198 4575 reg.
1217 4504 1289 4573 rua).
