2804 4966
504 307 585 345 ursan
598 310 627 349 n.
647 309 714 346 rans
726 310 756 346 ιι.
776 309 834 347 car.
850 308 877 347 v.
1245 305 1301 359 213

78 434 80 439 ’
131 439 208 502 subire
230 440 441 523 recusaverita
475 457 510 501 se
538 438 581 500 nil
611 437 673 501 tale
703 459 720 502 a
752 445 903 503 testatore
925 441 1099 504 audivisse.
1144 445 1295 511 llodicrni

130 541 172 603 hoc
184 539 432 623 fideicommissum
450 541 599 621 prosena·
620 541 725 602 heredi
745 540 914 603 iniunctum
933 544 1092 624 appellant
1105 547 1144 632 1).

140 751 188 803 utu.
204 751 271 802 VIII.
306 748 356 799 DE
373 745 507 799 Mouuts
526 741 643 796 CAUSA
660 743 931 798 DONATIONIBUS
950 746 998 835 ‚ET
1016 745 1231 802 CAPIONIBUS
1243 748 1275 816 ²).

154 887 175 968 ξ.
187 882 250 947 746.
295 879 449 960 Superest
472 878 503 938 in
527 876 587 939 hoc
607 882 759 952 tractatu,
784 883 817 938 ut
841 877 880 939 de
901 879 1009 939 mortis
1034 896 1127 941 causa
1151 881 1297 944 donatio-

125 985 192 1048 rilus
210 983 422 1064 dispiciamus.
469 979 525 1041 Est
548 984 649 1040 autem
673 982 782 1041 mortis
805 996 899 1041 causa
922 979 1061 1056 donatio,
1084 986 1297 1062 quaepropter

124 1089 205 1149 nortis
233 1083 447 1163 suspicionem
476 1079 529 1155 lit,
561 1096 618 1139 seu
643 1079 682 1140 ob
706 1080 903 1142 mortalitatis
926 1081 1208 1162 cogitationem),
1240 1097 1297 1142 seu

124 1204 173 1249 aun
192 1186 259 1266 quis
281 1180 371 1246 nullo
388 1180 554 1261 praesentis
570 1179 705 1260 periculi
721 1186 803 1241 metu
821 1182 1023 1256 conterritus,
1047 1182 1104 1242 sed
1123 1182 1190 1244 sola
1208 1199 1296 1243 mor-

124 1286 223 1349 talitatis
246 1283 440 1366 cogitatione
463 1285 564 1343 motus
587 1280 698 1355 donat,
729 1287 783 1341 aut
806 1282 833 1342 si
859 1282 929 1359 quis
952 1282 1130 1343 imminente
1152 1282 1296 1363 periculo

123 1393 265 1451 unnotus
287 1384 395 1461 donat,
416 1383 485 1445 sive
508 1383 561 1458 ita,
584 1387 618 1442 ut
633 1394 690 1442 'res
712 1383 815 1444 statim
841 1382 892 1444 liat
915 1384 1115 1463 accipientis,
1138 1385 1208 1444 sive
1230 1389 1294 1444 tum

123 1486 232 1564 denum,
262 1502 334 1547 cum
364 1500 448 1546 mors
478 1482 574 1544 luerit
602 1485 743 1544 insecuta
755 1483 794 1566 4).
840 1483 873 1543 ln
908 1501 1024 1546 summa
1056 1486 1164 1547 mortis
1197 1502 1291 1546 causa

123 1586 218 1650 donatio
240 1590 301 1661 est,
325 1600 395 1645 curn
416 1585 487 1662 quis
510 1584 610 1666 magis
633 1583 750 1644 habere
772 1602 807 1645 sc
830 1584 908 1660 vult,
933 1602 1024 1664 quam
1049 1603 1129 1663 eum,
1156 1589 1207 1649 cui
1230 1587 1292 1650 do-

123 1691 165 1762 nrt,
182 1686 343 1768 magisque
367 1700 455 1759 eum,
488 1684 538 1744 cui
561 1683 673 1758 donat,
706 1701 797 1762 quam
828 1685 976 1746 heredem
1001 1688 1146 1772 suum5).
1191 1687 1294 1760 Quare

123 1802 249 1867 nunquam
272 1784 400 1847 videtur
422 1784 563 1864 perlecta
584 1784 711 1846 donatio
735 1787 842 1846 mortis
872 1803 965 1847 causa
996 1784 1095 1861 lacta,
1127 1792 1293 1866 antequam

123 1904 184 1950 nors
202 1888 389 1966 insequatur
401 1884 443 1973 6).
809 1870 813 1875 ⁵
1151 1959 1154 1964 ,

151 1990 174 2070 §-
187 1987 254 2052 747.
297 1985 408 2048 Mortis
427 2001 522 2047 causa
543 1984 668 2048 donatio
690 1987 789 2068 igitur
811 2005 872 2048 non
888 1991 1006 2047 tanturn
1022 1985 1150 2047 indrmoe
1167 1986 1294 2047 valetu-

124 2087 181 2150 dinis
205 2104 318 2163 causa‚
350 2085 406 2148 sed
438 2085 572 2165 periculi
601 2086 695 2146 etiarn
725 2088 909 2167 propinquae
933 2087 1040 2147 mortis
1066 2087 1116 2148 vel
1141 2086 1178 2146 ab
1204 2086 1295 2148 hoste

125 2189 161 2250 vol
177 2208 191 2251 a
210 2186 431 2271 praedonibu8‚
464 2185 516 2246 vel
539 2185 577 2247 ab
601 2186 734 2249 hominis
762 2189 898 2267 potentis
923 2187 995 2249 odio
1019 2194 1072 2249 aut
1095 2186 1294 2262 crudelitate,

125 2293 162 2347 aut
177 2288 381 2372 navigationis
403 2288 548 2349 ineundo
571 2290 689 2369 gratia:
714 2295 767 2350 aut
789 2290 826 2350 ab
850 2307 888 2350 eo
910 2290 964 2369 qui
984 2307 1042 2368 per
1059 2289 1209 2350 insidiosa
1226 2289 1303 2355 loca

126 2383 200 2450 iturus
221 2394 281 2465 est,
307 2405 376 2468 quae
390 2372 498 2450 'omnia
521 2387 641 2449 instans
661 2388 836 2469 periculum
857 2388 1073 2449 demonstrant
1086 2387 1124 2473 ⁷).

153 2485 208 2550 tlon
229 2495 332 2551 tamen
353 2487 452 2550 omnis
476 2485 613 2561 donatio,
641 2505 710 2566 quoe
732 2487 764 2547 lit
784 2489 919 2549 instante
942 2489 1050 2551 mortis
1073 2489 1228 2568 periculo,
1251 2495 1300 2551 est

125 2589 206 2650 nortis
234 2606 330 2652 causa
365 2588 509 2664 donatio,
531 2580 638 2649 'veluti
660 2605 730 2649 curn
752 2590 889 2649 moriens
911 2588 1055 2650 absolute
1078 2589 1131 2650 det
1155 2590 1175 2649 i.
1202 2608 1230 2650 e.
1255 2608 1292 2651 ea

126 2696 268 2769 nente‚.ut
288 2706 352 2752 non
374 2687 468 2750 liceat
489 2705 559 2749 eum
581 2690 753 2769 poenitere,
775 2689 921 2768 quamdiu
942 2690 1058 2751 vixerit
1070 2690 1109 2774 Β).
1153 2690 1298 2770 [lenique

127 2790 281 2854 callarius
306 2790 421 2878 (veluti
441 2789 511 2876 lilii)
536 2790 644 2851 mortis
666 2807 760 2850 causa
782 2790 908 2852 donatio
932 2789 999 2852 lieri
1017 2795 1124 2870 potest
1137 2788 1172 2871 9).

154 2894 176 2972 5.
187 2893 254 2957 748.
297 2891 381 2953 Fieri
404 2895 509 2952 autem
529 2889 603 2952 olim
629 2889 774 2952 solebant
795 2892 903 2953 mortis
926 2908 1019 2952 causa
1035 2891 1219 2952 donationes
1237 2891 1297 2952 iis-

127 2986 175 3054 dcn
191 2993 308 3069 modu,
338 2992 451 3072 quibus
475 2996 506 3052 et
527 2991 610 3052 inter
630 2991 722 3052 vivos
745 2991 930 3052 donationes
956 2991 1201 3070 perficiebantur
1225 2994 1245 3052 i.
1269 3013 1297 3055 e.
1354 3044 1356 3048 ⁴

126 3090 167 3153 tun
185 3092 408 3175 mancipatione
434 3092 539 3153 autin
561 3093 631 3152 iure
654 3092 798 3154 cessione
820 3109 927 3152 rerum
951 3109 1020 3172 quae
1041 3093 1173 3172 mancipi
1198 3099 1297 3170 erant,

126 3195 147 3250 tl
169 3196 329 3259 traditione
361 3211 466 3256 rerum
495 3212 554 3256 nec
585 3189 737 3273 mancipi,
773 3211 863 3274 quam
892 3193 1103 3273 promissione
1133 3193 1295 3272 stipulanti

124 3287 238 3386 lacau),
260 3298 336 3358 item
347 3295 547 3379 delegatione
569 3300 600 3357 et
612 3295 850 3375 acceptilatione
860 3295 922 3379 Hp:
946 3295 973 3354 si
986 3293 1111 3374 quidem
1125 3293 1292 3373 quodcun-

78 3444 86 3459 .
124 3407 167 3472 lte
185 3396 294 3485 lorum
316 3396 516 3480 negotiorum
541 3395 648 3457 scortis
668 3411 765 3457 causo
790 3394 924 3457 donomi
950 3394 1050 3455 animo
1073 3396 1241 3475 gereretur
1253 3390 1293 3478 ¹2)

123 3547 299 3563 ——n

138 3636 166 3704 1)
181 3643 205 3705 §-
226 3638 269 3692 12.
286 3639 309 3689 L
327 3636 354 3701 2,
372 3635 407 3690 23
425 3634 473 3703 (do
489 3637 671 3689 fideicommis.
688 3634 803 3702 hored).
829 3653 851 3687 c.
870 3634 912 3687 32.
932 3635 962 3686 O.
980 3635 1006 3697 6,
1023 3632 1058 3685 42
1079 3631 1126 3697 (ds
1145 3629 1255 3698 fidesic).
1275 3651 1298 3685 v.

121 3706 249 3778 Vcnperow
267 3710 291 3771 §-
309 3706 459 3763 561-563.
1234 3749 1238 3756 .

140 3782 165 3848 2)
185 3783 207 3843 ,8.
225 3783 251 3835 1.
271 3784 294 3833 Ι.
312 3777 346 3833 27
366 3777 415 3845 (ds
431 3777 615 3845 donationib.).
645 3780 705 3844 Dig.
724 3777 802 3842 39,ss
828 3776 876 3842 (ds
897 3777 988 3828 mortis
1005 3791 1089 3828 causa
1110 3774 1296 3841 donationib.).

113 3853 135 3905 0.
150 3854 174 3919 8,
193 3851 227 3906 57
246 3851 320 3920 (eod.
338 3849 398 3918 tit).
415 3852 548 3903 Vau'cana
566 3854 660 3917 fragm.
679 3849 738 3901 272.
758 3848 818 3902 274.
838 3846 898 3901 281.
917 3847 977 3901 288.

136 3923 163 3991 3)
182 3925 206 3985 ἓ.
226 3924 252 3977 1.
269 3925 292 3977 Ι.
311 3925 337 3974 h.
356 3930 375 3973 t.
392 3926 424 3974 fr.
442 3924 467 3976 2.
487 3921 529 3974 31.
551 3922 574 3981 §-
592 3921 617 3974 2.
636 3923 669 3987 fr.¹
687 3920 730 3975 35.
750 3921 772 3981 ἓ.
791 3919 817 3972 4.
837 3917 869 3970 D.
888 3921 948 3972 eod.

134 3997 163 4063 4)
179 3997 223 4047 Fr.
242 3995 268 4048 2.
287 3994 331 4047 13.
349 3993 373 4052 §-
392 3995 417 4047 1.
435 3998 467 4047 fr.
485 3993 529 4048 35.
548 3993 571 4053 ἓ.
591 3991 617 4044 4.
639 3995 688 4044 cit·

135 4067 163 4134 5)
179 4067 206 4128 ἐ.
227 4067 254 4120 1.
270 4067 294 4119 Ι.
317 4065 438 4118 duint.
458 4069 489 4119 fr.
510 4065 534 4117 1.
553 4068 587 4116 D.
606 4066 632 4114 h.
650 4071 668 4116 t.
686 4067 717 4115 ir.
737 4061 779 4116 35.
799 4063 821 4123 ἓ.
843 4063 866 4114 2.
884 4063 921 4112 ib.

133 4139 162 4206 o)
180 4141 226 4191 rr.
244 4135 290 4189 32.
306 4139 341 4188 n.
361 4137 389 4187 u.
407 4142 425 4188 t.
525 4133 553 4203 7)
572 4137 615 4186 rr.
635 4134 660 4187 a.
679 4134 704 4187 4.
724 4133 748 4187 5.
767 4135 792 4186 a.
812 4137 846 4185 n.
865 4135 901 4185 sb.

133 4209 162 4278 8)
180 4212 224 4261 Fr.
245 4206 289 4261 42.
308 4208 331 4269 ἓ.
346 4207 370 4258 1.
387 4210 420 4258 D.
442 4208 503 4259 eod.
602 4205 630 4273 9)
647 4208 691 4257 Fr.
711 4206 754 4258 11,
778 4203 819 4257 18.
839 4207 872 4256 D.
892 4207 920 4256 h.
939 4210 957 4255 t.
977 4220 1000 4254 o.
1019 4200 1043 4252 3.
1064 4201 1092 4250 0.
1113 4197 1172 4248 eod.
1358 4254 1360 4259 Ι

118 4280 164 4349 10)
186 4280 294 4349 Siquis
314 4279 489 4346 stipularstur
507 4279 536 4330 in
553 4293 638 4330 annos
657 4279 789 4345 singulos,
809 4278 882 4345 quod
899 4278 1017 4334 rivaret,
1044 4271 1161 4323 scilicet:
1194 4273 1221 4352 qt
1239 4272 1299 4333 post

94 4361 211 4480 tul
230 4351 544 4484 statutus
560 4351 676 4479 tua
693 4354 724 4473 t
743 4349 839 4473 ta
859 4351 884 4477 t
903 4354 922 4469 t
1003 4338 1098 4464 td·
1118 4339 1140 4397 l
1161 4336 1184 4389 ⁷·

111 4495 149 4552 lu
184 4496 249 4561 Δια.
265 4496 299 4547 ft.
315 4491 360 4547 35.
375 4493 398 4553 ὃ.
415 4492 440 4545 a
456 4494 496 4547 th.
513 4495 545 4545 ir.
564 4491 607 4546 20.
624 4495 658 4543 D.
676 4488 771 4557 50,16
790 4491 837 4556 (de
847 4490 879 4542 V.
895 4487 943 4554 S.).
965 4489 1012 4541 oft.
1031 4489 1058 4536 et
1074 4487 1105 4536 l'r.
1124 4480 1166 4534 11.
1184 4480 1307 4542 §.L-9,
