2798 4972
413 160 430 211 t

512 291 636 333 urnunu.
655 291 763 330 ronan.
784 293 845 333 car.
866 293 908 337 ιιι.
1261 286 1312 342 163

93 423 223 505 sitifim
236 438 323 489 maus
343 419 434 483 beree
455 436 518 483 non
540 419 610 493 erit,
632 419 831 501 Sempronius
854 420 945 484 beros
968 430 1032 484 esto
1041 425 1077 511 1).
1118 425 1310 507 interpretes

96 527 198 587 buius
219 521 455 591 substitutionis
479 520 556 582 duas
578 519 694 582 formas
715 530 909 599 enumerant,
933 523 1084 586 directam
1105 532 1136 587 et
1151 526 1310 606 obliquam

96 624 158 689 uei
181 623 521 695 fideicommissariam
546 623 612 686 baec
633 623 665 684 in
690 641 727 686 eo
748 625 905 700 consistit,
927 630 961 686 ut
973 626 1120 690 heredem
1136 629 1311 691 institutum

97 725 309 795 hereditatem
333 723 387 806 alii
411 724 581 787 restituere
607 724 789 798 iubeamus;
824 742 928 804 neque
951 726 1017 789 baeo
1042 745 1121 791 vero
1152 727 1312 795 substitu-

98 827 244 893 tionibus
270 845 287 888 a
309 825 456 888 Romanis
480 823 725 902 adnumeratur,
757 825 813 889 sed
835 824 1122 889 fideicommissaria
1152 828 1313 897 hereditas

100 923 336 1011 appellatore).
837 933 838 940 ’

147 1025 265 1110 §.572
310 1023 507 1087 Substituere
530 1027 634 1105 potest
653 1023 752 1100 idem,
778 1026 832 1105 qui
856 1028 947 1088 etiam
971 1028 1136 1093 instituere
1162 1031 1310 1094 heredem

98 1132 213 1212 potest
221 1145 230 1200 ;
252 1131 284 1192 at
305 1125 360 1206 qui
380 1123 501 1186 institui
525 1122 618 1186 heres
632 1130 747 1204 potest,
771 1142 861 1204 aeque
875 1127 1023 1189 substitui
1040 1134 1164 1208 potest3
1188 1139 1219 1194 at
1231 1135 1311 1199 sub-

100 1227 229 1298 stitutio
251 1232 315 1293 uon
336 1225 450 1299 minus,
477 1240 568 1303 quam
590 1224 748 1287 institutio
769 1225 801 1286 in
825 1230 1012 1291 testamento
1033 1227 1101 1290 fieri
1124 1230 1228 1294 debet.
1273 1234 1312 1299 Et

99 1329 218 1412 plures
241 1327 274 1389 iu
295 1326 389 1389 unius
412 1325 515 1387 locum
538 1326 671 1404 possunt
692 1325 851 1401 substitui,
875 1327 929 1391 vel
950 1346 1031 1393 unus
1045 1332 1076 1390 in
1089 1331 1235 1411 plurium,
1259 1335 1311 1397 val

100 1428 227 1513 singuli
250 1425 399 1511 singulis,
421 1424 474 1493 vel
496 1425 556 1487 sibi
579 1426 715 1487 invicem
740 1427 802 1505 ipsi
826 1428 878 1505 qui
894 1427 1029 1493 heredes
1041 1430 1175 1493 instituti
1190 1439 1263 1495 sunt
1274 1435 1311 1516 3).

101 1531 181 1597 Haec
202 1528 365 1608 reciproco
386 1526 439 1588 vel
461 1531 567 1591 mutuo
590 1524 772 1595 substitutio
796 1525 922 1588 dicitur.
966 1527 1031 1591 Nee
1054 1531 1208 1594 eiusmodi
1230 1533 1310 1597 sub.

102 1633 237 1712 stitutus
263 1629 454 1704 admittitur,
488 1628 550 1690 nisi
582 1632 614 1689 et
644 1645 684 1689 cx
711 1628 911 1693 institutione
925 1629 1031 1700 beres
1062 1631 1192 1694 effectus
1223 1633 1311 1721 sit4).

103 1734 186 1801 item
211 1732 265 1812 qui
287 1730 458 1793 substituto
480 1729 669 1791 substitutus
691 1733 757 1804 est,
792 1729 887 1790 tacite
910 1730 1002 1791 etiam
1024 1732 1168 1794 instituto
1192 1733 1314 1796 substi-

104 1839 198 1901 tutus
220 1831 375 1906 habetur3
410 1835 504 1909 atque
527 1828 712 1909 repudiante
737 1829 880 1890 instituto
903 1828 996 1891 heres
1024 1829 1072 1908 tit,
1091 1833 1229 1901 etiamsi
1259 1851 1314 1896 se-

107 1933 217 2001 cundo
238 1931 341 2017 gradu
365 1931 503 2012 scriptus
523 1937 595 1995 ante
620 1935 800 1993 testatorem
823 1930 1001 1994 decesserit
1015 1931 1055 2018 ὅ).
1304 1997 1314 2017 .

150 2034 268 2118 5573.
313 2034 466 2097 Substitui
489 2038 591 2094 alitem
612 2033 654 2093 ita
678 2032 749 2110 quis
773 2036 887 2111 potest,
911 2037 945 2092 ut
967 2031 1062 2101 heres
1086 2034 1143 2110 sit,
1170 2035 1197 2095 si
1219 2035 1314 2099 insti-

106 2143 195 2203 tutus
219 2135 315 2203 heres
335 2152 408 2198 esse
431 2152 494 2198 uon
515 2132 649 2219 possiti
666 2133 718 2194 vel
740 2138 775 2193 ut
796 2133 889 2195 heres
913 2134 964 2209 sit,
989 2133 1014 2193 si
1035 2134 1196 2195 institutus
1219 2136 1312 2206 heres

106 2254 266 2307 essenon
286 2235 382 2310 oelit5
413 2235 497 2296 etin
519 2240 657 2313 utroque
679 2250 753 2295 casu
776 2233 978 2295 substitutum
1002 2232 1151 2296 heredem
1175 2236 1262 2317 fore,
1287 2238 1314 2299 si

106 2338 272 2403 institutus
292 2355 331 2398 ex
354 2345 541 2420 quacunque
562 2351 656 2397 causa
679 2332 773 2395 bercs
797 2335 928 2410 nonsit,
949 2334 1032 2414 apud
1048 2335 1239 2416 interpretes
1255 2357 1312 2404 re-

107 2443 234 2518 ceptum
254 2443 304 2500 est
316 2437 354 2526 6).

149 2538 266 2622 §.bid
310 2537 365 2599 Vis
396 2542 499 2601 autem
528 2541 559 2597 et
590 2541 731 2615 potestas
761 2535 994 2599 substitutionis
1020 2537 1085 2600 haec
1109 2545 1176 2614 est,
1212 2544 1246 2599 ut
1274 2557 1315 2603 ox

109 2640 252 2707 secundo
273 2637 326 2700 vel
348 2639 443 2701 tertio
466 2637 567 2719 gradu
590 2638 726 2717 scriptus
750 2639 843 2701 heres
873 2636 944 2715 fiat,
977 2640 1003 2699 si
1030 2657 1069 2701 ex
1092 2640 1190 2719 priori
1214 2640 1316 2722 gradu

108 2741 259 2807 nominati
279 2738 417 2807 heredes
438 2755 500 2800 non
522 2743 613 2811 sunt3
647 2743 679 2798 ct
701 2756 815 2802 revera
839 2738 1021 2802 substitutio
1045 2739 1124 2802 nibil
1153 2739 1239 2807 aliud
1265 2745 1315 2805 cst

109 2844 170 2905 nisi
194 2841 350 2903 institutio
373 2839 432 2907 sub
456 2839 636 2901 conditione
660 2838 752 2914 tacta,
777 2856 836 2921 qua
862 2840 1030 2917 existente,
1053 2843 1243 2904 substitutus
1257 2858 1315 2922 pro

109 2961 189 3024 pure
225 2943 370 3005 instituto
405 2939 514 3003 baberi
547 2939 690 3024 debeat).
737 2939 931 3002 Substitutus
965 2959 1044 3022 ergo
1075 2941 1145 3004 loco
1180 2943 1314 3005 instituti

110 3042 270 3118 succedit,
295 3042 452 3121 huiusque
470 3042 645 3122 portionem
670 3032 843 3103 cumomni
866 3059 961 3104 causa
985 3048 1017 3104 et
1039 3043 1190 3104 oneribus
1211 3046 1241 3106 ei
1264 3046 1316 3117 in-

110 3144 226 3209 iunctis
262 3143 456 3210 nanciscitur
467 3142 506 3229 8).
552 3142 585 3204 Si
618 3160 696 3205 vero
728 3144 890 3206 institutus
926 3143 1132 3206 hereditatem
1168 3145 1315 3224 acquirit,

111 3245 307 3321 substitutio,
334 3245 424 3324 quasi
448 3242 612 3306 deficiente
637 3243 827 3321 conditione,
849 3243 1024 3306 infirmatur
1036 3244 1074 3330 9).

152 3348 183 3428 5.
199 3345 272 3412 675.
317 3344 484 3423 Pupittoris
505 3343 688 3419 substitutio,
705 3350 754 3405 est
775 3343 902 3407 beredis
925 3345 1079 3416 institutio
1103 3362 1118 3405 a
1142 3348 1231 3423 patre
1253 3341 1317 3404 tilio

111 3445 280 3528 impuberi,
303 3446 335 3507 in
357 3445 458 3525 ipsius
479 3450 637 3526 potestate
659 3446 842 3521 constituto,
868 3446 900 3506 in
923 3462 993 3509 eum
1017 3461 1123 3506 casum
1140 3442 1233 3517 iacta,
1256 3459 1318 3522 quo

111 3549 164 3611 bic
184 3546 329 3626 impubes
353 3546 523 3608 moriturus
547 3549 606 3620 sit3
640 3562 739 3626 quare
763 3547 817 3625 qui
838 3544 1038 3625 pupillariter
1058 3543 1238 3617 substituit,
1262 3560 1318 3603 re-

111 3665 189 3711 vera
212 3645 277 3709 tilio
302 3644 414 3709 heredi
434 3646 577 3708 instituto
598 3664 661 3709 non
685 3644 863 3721 substituit,
897 3644 954 3706 sed
985 3645 1045 3725 ipsi
1069 3643 1223 3723 impuberi
1247 3661 1317 3707 mo-

112 3811 312 3824 ——nq—-n

146 3912 176 3979 1)
196 3917 240 3968 rr.
260 3917 280 3966 1.
300 3915 343 3966 aaa.
453 3909 481 3980 a)
505 3912 565 3966 aaa.
584 3915 618 3964 11.
637 3909 698 3965 184.

147 3986 176 4056 3)
196 3988 219 4048 §-
240 3986 264 4038 1.
283 3988 304 4038 1.
322 3987 359 4039 ib.
377 3987 408 4037 ir.
429 3984 472 4038 36.
493 3985 516 4045 §-
535 3986 560 4038 1.
579 3988 613 4037 D.
633 3987 659 4036 b.
680 3989 699 4035 t.

147 4057 178 4125 4)
198 4060 241 4111 Fr.
263 4057 306 4110 23.
328 4056 372 4110 45.
393 4057 417 4118 ἓ.
436 4057 461 4111 1.
480 4060 514 4109 D.
533 4059 560 4108 h.
578 4063 595 4108 t.

147 4131 176 4198 5)
195 4133 239 4183 Fr.
259 4128 302 4184 27.
320 4128 364 4183 41.
379 4147 417 4196 pr.
436 4132 469 4180 D.
491 4131 517 4181 h.
535 4135 552 4180 t.
573 4129 596 4188 §.
616 4127 640 4180 3.
661 4126 682 4178 I.
704 4124 729 4188 2,
751 4121 785 4176 15
803 4121 841 4190 (h.
858 4120 900 4187 t).

149 4203 181 4270 6)
197 4203 270 4265 Vide
287 4203 467 4270 Moetetdep,
488 4202 630 4255 Lebrbwb
648 4197 671 4261 ἓ.
689 4195 750 4249 668.
769 4201 832 4246 nota
850 4198 867 4246 f.
892 4195 1074 4260 Westonberp,
1096 4193 1240 4257 Principio
1258 4191 1285 4243 b.
1294 4195 1313 4240 t.

113 4275 139 4338 ἕ.
157 4277 201 4330 10.
219 4281 246 4329 et
264 4275 308 4337 12.
327 4268 390 4328 edit.
408 4277 497 4331 Berol.
517 4291 543 4340 p.
562 4272 622 4327 556.
642 4273 793 4323 Pronoeant
812 4269 953 4334 scriptores
971 4266 1008 4318 ad
1026 4269 1057 4317 tr.
1076 4261 1102 4314 4.
1120 4279 1160 4328 pr.
1180 4264 1213 4312 D.
1233 4257 1277 4325 28,
1296 4260 1313 4312 6

114 4351 154 4418 (b.
172 4347 215 4416 t).
232 4351 265 4400 fr.
284 4347 345 4405 101.
363 4349 396 4399 D.
416 4344 491 4410 35‚1
512 4343 559 4411 (de
577 4339 679 4409 cond).
700 4357 723 4394 o.
741 4339 766 4392 6
787 4340 815 4391 Ο.
828 4339 860 4404 ’6,
881 4335 917 4393 24
935 4337 983 4404 (de
1001 4338 1057 4387 her.
1075 4331 1157 4398 inst).

148 4418 178 4487 7)
197 4422 242 4476 ur.
261 4417 304 4480 24.
322 4416 366 4472 45.
385 4419 408 4480 §-
428 4419 454 4475 1.
475 4420 509 4470 D.
527 4419 554 4469 h.
571 4423 592 4477 t,
669 4411 699 4479 8)
719 4414 742 4475 ἓ.
762 4415 787 4468 2.
807 4413 833 4467 3.
850 4414 871 4466 1.
889 4415 926 4463 ib.
944 4413 976 4469 fr,
994 4406 1038 4461 39.
1057 4424 1096 4474 pr.
1115 4409 1148 4458 ft.
1164 4402 1209 4457 41.
1228 4406 1262 4458 D.
1280 4406 1317 4457 ib.

151 4492 179 4559 9)
199 4495 243 4544 Pr.
263 4493 284 4543 1.
305 4491 330 4556 2,
349 4489 384 4544 16
404 4488 455 4557 (ds
468 4490 594 4558 pupissuri
613 4483 820 4552 substitutione).
857 4484 918 4541 um.
936 4482 961 4536 2.
980 4479 1003 4540 ἓ.
1022 4475 1172 4542 tit-184.
1270 4501 1273 4506 ·
