2804 4966
97 261 132 319 10
416 270 617 308 nutritoriam
639 271 713 309 {Um
732 272 836 310 uouit!
856 274 977 313 ruituri.

138 404 220 467 iuris
243 404 464 468 eoelestiastici
496 410 651 485 precepta
675 406 786 486 partim
815 407 916 487 ipsius
939 406 1084 471 ecclesie
1120 414 1305 475 autonomia

96 507 258 580 nituntur;
293 507 406 587 partim
436 525 453 567 a
487 523 632 587 suprema
662 507 846 586 reipublicae
877 515 1032 589 potestate
1062 512 1189 574 sancita
1222 520 1304 576 sunt.

96 608 172 669 Cum
195 606 250 669 illa
271 608 310 667 iis
333 606 476 668 ecclesiae
500 606 764 686 preceptionibus
787 608 963 670 introducta
986 610 1068 686 sint,
1105 628 1180 692 quae
1208 629 1305 677 cone
1339 690 1342 695 Ι

96 724 152 770 nes
174 712 337 783 vocantur,
362 723 480 768 summa
504 723 613 769 corum
632 706 682 766 ius
704 708 884 768 canonicum
906 709 1094 789 appellatur.

139 807 229 890 §.ad
274 807 326 868 lus
349 807 509 888 publicum
534 813 697 870 externum
720 807 856 870 alicuius
886 811 1022 872 civitatis
1056 812 1100 873 nii
1130 812 1224 875 aliud
1258 821 1303 878 est

96 929 187 994 quam
208 928 280 992 pars
302 911 371 972 eius
392 912 483 986 iuris,
517 912 601 991 quod
622 913 716 975 hodie
737 914 786 975 ius
808 915 966 989 Gentium,
999 916 1129 976 senius
1153 914 1301 978 interna-

97 1013 214 1077 ticnale
235 1012 388 1094 appellari
410 1011 503 1075 solet.
547 1012 691 1076 Diversa
713 1018 793 1078 enim
814 1021 939 1097 gentes,
962 1017 1106 1077 civitates
1130 1019 1164 1077 et
1187 1034 1301 1098 regna,

95 1114 207 1179 soluta
229 1115 312 1175 inter
334 1130 370 1174 se
392 1119 423 1174 et
443 1112 568 1188 libera,
598 1115 629 1174 in
653 1116 877 1196 componendis
900 1118 1015 1177 mutuis
1038 1117 1175 1178 intense
1200 1117 1302 1180 ratio-

28 1245 32 1250 ·
95 1217 188 1279 nibus
211 1220 242 1275 et
263 1216 379 1290 causis,
403 1214 683 1277 consuetudinibus
707 1223 760 1278 aut
775 1218 925 1294 moribus,
949 1219 1038 1297 quasi
1062 1218 1196 1298 proprio
1221 1235 1302 1298 quc-

96 1316 166 1378 dam
187 1315 258 1375 iure
281 1318 421 1374 utuntur.
464 1312 632 1396 Reguntur
654 1334 692 1378 eo
722 1317 882 1379 civitatum
907 1317 1027 1380 foedera
1062 1323 1093 1379 et
1122 1321 1301 1397 pactiones,

68 1456 76 1468 .
98 1419 261 1493 aquantur
284 1416 468 1476 commercia
492 1421 523 1476 et
534 1418 771 1494 controversie,
796 1418 989 1501 legationum
1003 1421 1070 1480 iura
1092 1421 1301 1483 constituun-

97 1522 161 1591 tur,
181 1521 213 1576 et
234 1514 379 1577 definitur
400 1516 500 1578 omnis
530 1518 613 1579 inter
646 1517 792 1581 diversos
815 1519 969 1600 populos,
1002 1537 1071 1581 cum
1093 1521 1202 1599 pacis,
1239 1527 1299 1583 tum

97 1617 174 1680 belli
198 1622 339 1696 tempore
360 1616 458 1690 ratio;
488 1618 571 1679 unde
592 1624 641 1681 est
662 1625 724 1680 aut
737 1620 814 1682 helii
837 1622 886 1682 ius
909 1626 962 1683 aut
983 1625 1080 1701 pacis.

141 1721 171 1800 g.
186 1718 237 1784 35.
281 1717 447 1796 Superest,
484 1724 518 1779 ut
540 1718 579 1780 de
601 1721 671 1782 iure
697 1705 819 1801 privato
841 1721 1055 1802 dispiciamus.
1105 1720 1173 1783 Hoc
1197 1729 1303 1786 autern

99 1817 297 1900 singulorum
318 1820 513 1899 privatorum
536 1820 603 1881 iura
628 1820 866 1903 distinguuntur
888 1829 920 1884 et
941 1822 1137 1885 ordinantur.
1185 1823 1303 1886 Rerum

99 1918 245 1994 dominia,
266 1921 495 1996 commercium,
518 1906 739 2002 obligationes,
763 1912 967 1999 hereditates,
988 1939 1199 2004 personarum
1223 1926 1303 2000 iura,

99 2019 288 2099 familiaeque
312 2019 435 2081 vincula
459 2020 528 2081 iure
551 2021 673 2101 privato
698 2021 945 2085 determinantur
953 2041 962 2097 ;
995 2025 1068 2085 item
1091 2024 1304 2102 quemadmo-

99 2121 172 2184 dum
208 2119 274 2181 haec
305 2121 373 2181 iura
397 2120 619 2199 acquirantur,
653 2130 882 2185 conserventur
904 2124 956 2185 vel
979 2125 1158 2186 amittantur
1173 2123 1215 2212 l).
1273 2127 1304 2187 ln

100 2239 219 2306 genere
239 2227 342 2284 autem
365 2226 486 2300 spectat
509 2222 558 2282 ius
579 2222 735 2301 privatum
758 2223 811 2285 rel
838 2224 876 2286 ad
899 2241 1070 2305 personas,
1095 2223 1148 2286 vel
1171 2224 1213 2286 ad
1239 2244 1304 2301 res,

77 2322 153 2384 ·vel
176 2323 213 2385 ad
236 2321 447 2404 obligationes
471 2326 502 2382 et
523 2320 562 2382 ad
584 2322 725 2384 actiones
740 2323 779 2410 ²).

576 2512 821 2523 ..----.—-..--.—.

637 2675 702 2739 tir.
723 2677 758 2739 ΙΙ.

240 2837 466 2910 HISTORIAE
485 2840 602 2909 suuis
625 2839 800 2908 ROMANI
822 2835 1119 2906 ADUMBRATIO
1136 2841 1173 2921 ³).

102 3017 171 3070 TIT·
181 3022 203 3070 1.
240 3021 288 3070 DE
306 3018 393 3071 IURE
412 3018 563 3070 Romano
583 3020 630 3068 AD
651 3017 748 3069 URBE
767 3015 925 3068 CONDITA
944 3012 1067 3076 USQUE
1086 3015 1133 3066 ΔΙ)
1157 3017 1309 3077 TEMPUS

393 3107 498 3157 LATAE
518 3106 624 3160 Ludis
642 3106 700 3157 XII.
738 3099 1004 3168 TABULARUM‘J·
1319 3101 1324 3114 '

262 3231 294 3283 Α.
314 3229 344 3282 U.
365 3227 393 3282 C·
414 3229 433 3282 i.
454 3229 501 3282 AD
518 3232 550 3282 Α.
573 3227 644 3282 000.
665 3228 755 3282 nutu
771 3225 823 3279 οΗ.
843 3224 938 3279 ucct.
957 3254 991 3264 ·—-
1012 3221 1127 3276 CCCCL,

147 3365 177 3447 ξ.
190 3361 242 3426 36.
286 3361 366 3424 luris
387 3362 515 3424 Romani
538 3363 629 3444 origo
654 3378 693 3423 ex
715 3358 927 3423 vetustissima
950 3363 1057 3442 popuii
1080 3361 1209 3423 Romani
1235 3363 1307 3426 his.

108 3483 306 3496 mnu-a—

141 3533 169 3602 1)
187 3537 229 3588 Fr.
249 3534 293 3588 31.
314 3537 348 3585 D.
369 3533 430 3599 1‚.3
447 3534 495 3596 (de
512 3529 637 3600 legibus).

140 3604 169 3673 2)
186 3609 229 3658 Fr.
251 3606 275 3658 1.
296 3609 329 3657 D·
353 3603 378 3668 1,
397 3603 414 3657 5
433 3602 480 3671 (de
500 3611 570 3656 statu
588 3601 671 3670 hcm.)
692 3602 783 3666 §.12,
807 3604 827 3654 Ι.
850 3602 875 3666 1,
894 3603 911 3656 2
932 3601 983 3670 (tit.
1007 3604 1074 3667 cit).
1119 3604 1214 3655 Mutua
1236 3609 1306 3661 irater

104 3681 145 3732 ius
163 3681 303 3746 privatum,
320 3678 457 3745 publicum
477 3674 630 3741 (internum)
651 3682 678 3726 et
701 3677 743 3728 ius
763 3675 880 3742 gentium
906 3677 974 3727 ratic
1002 3679 1058 3729 haec
1079 3681 1126 3728 est,
1170 3677 1234 3727 Iure
1255 3679 1305 3746 pri·

103 3756 167 3804 vste
187 3755 315 3817 reguntur
330 3749 541 3801 necessitudines
562 3763 619 3816 quae
644 3748 714 3798 inter
740 3746 863 3798 homines
890 3748 1009 3812 singulos
1032 3746 1215 3809 intercedunt3
1245 3751 1305 3801 iure

103 3823 210 3891 publico
229 3821 438 3874 necessitudines
457 3821 525 3872 inter
543 3824 613 3872 cinea
640 3825 667 3871 et
690 3819 809 3887 singulos
834 3819 955 3871 homines
979 3825 1006 3871 et
1028 3821 1114 3886 ipsam
1139 3821 1304 3885 civitatem

105 3896 223 3962 gentium
243 3894 358 3961 denique
376 3893 433 3944 iure
451 3892 566 3956 ipsorum
585 3890 742 3957 populorum
760 3893 852 3940 mutua
870 3889 938 3939 iura.
1341 3898 1342 3904 ¹

141 3963 170 4031 3)
189 3966 369 4016 Ennarrsmus
386 3965 414 4014 in
432 3963 484 4013 hae
505 3962 712 4013 adumbratione
729 3959 898 4012 solummodo
922 3959 1036 4012 fontium
1055 3959 1120 4010 iuris
1144 3959 1251 4010 romani
1280 3965 1306 4013 et

107 4037 222 4090 scientiae
239 4037 301 4088 iuris
319 4036 465 4096 historiam,
485 4049 566 4101 quam
586 4033 768 4084 Iurisconsulti
780 4031 932 4083 Germanici
949 4029 1102 4083 fflstoss'am
1120 4033 1189 4084 iuris
1212 4041 1305 4084 amter-

106 4125 172 4160 acm
199 4109 336 4175 appellare
358 4110 560 4159 consueverunt.
609 4103 747 4172 Sequimur
766 4107 872 4153 aetatum
892 4102 1072 4154 distinctiones
1093 4116 1110 4151 a
1129 4103 1305 4155 celeberrimo

107 4180 222 4247 Hugone
249 4180 362 4246 primum
388 4181 474 4228 factas
498 4181 525 4226 et
550 4175 706 4241 aplurimis
731 4173 886 4226 auctoribus
902 4173 1037 4241 hodieque
1060 4178 1181 4238 receptas
1206 4178 1255 4223 aut
1279 4175 1306 4226 in

107 4253 199 4319 paucis
223 4256 340 4302 mumius
358 4249 443 4301 vetuti
461 4264 478 4299 u
489 4249 569 4299 Geth.
580 4245 693 4298 Hcits'us
710 4247 737 4297 in
750 4245 880 4298 Historia
898 4247 967 4298 sitris
986 4247 1097 4296 romam·
1114 4247 1302 4309 lineamenti,

108 4339 220 4393 quarum
241 4323 325 4374 altera
344 4320 425 4370 editio
446 4318 544 4384 prodiit
555 4317 669 4368 Traiecti
688 4317 724 4367 ad
744 4317 865 4367 Rhenum
877 4312 956 4378 1840,
977 4318 1004 4366 et
1022 4315 1220 4367 aBruxellcnsi
1237 4313 1304 4370 iuris

107 4395 261 4447 Professore
274 4393 375 4444 Ocrcio
387 4389 489 4455 Mcpns
506 4388 533 4439 in
551 4389 591 4455 hl
604 4389 690 4454 operis
710 4388 750 4440 sui
763 4385 907 4438 Elementa
929 4387 966 4439 du
986 4387 1060 4438 droit
1076 4389 1192 4437 romain.
1213 4387 1305 4440 Brun.

109 4463 185 4517 1856.
222 4464 307 4515 Panic
328 4461 437 4513 uberius
454 4458 570 4512 undem
585 4460 699 4512 fontium
716 4458 780 4511 iaris
805 4458 911 4513 romani
927 4457 1067 4513 historian-
1082 4456 1257 4524 exposuimus
1277 4461 1306 4511 in

675 4612 690 4643 Ι
