2804 4966
98 264 125 333 ἰ
608 284 778 369 <possumus

101 455 195 519 Titui.
227 455 279 518 lV.
350 455 397 518 De
420 455 489 517 iure
511 452 714 517 aooresoendi
739 453 822 516 inter
844 452 1016 535 legatarios
1083 500 1089 514 .
1135 501 1141 515 .
1187 502 1194 516 .

144 603 160 635 „
229 555 263 616 V.
350 555 398 617 De
419 554 617 635 ademptione
638 559 669 615 et
690 554 894 616 translatione
914 554 1092 636 legatorum
1135 603 1141 617 .
1188 603 1195 617 .

73 647 163 737 gs„
229 654 281 717 Vl.
354 654 400 717 De
423 655 496 737 lege
518 654 654 718 Falcidia
711 699 1196 718 ..........
1240 658 1305 722 206

145 804 160 837 ,,
229 756 296 818 Vll.
350 755 396 818 De
418 755 713 818 fideicommissariis
739 755 965 818 hereditatibus
1028 801 1035 815 .
1083 803 1089 816 .
1136 803 1143 817 .
1189 803 1196 817 .
1240 757 1305 823 208

145 904 160 936 ,,
225 857 307 918 Vlll.
350 857 397 918 De
419 856 575 920 codicillis
601 881 623 915 .·
655 900 1196 917 ...........
1241 858 1307 923 210

144 1005 159 1038 ,,
226 957 278 1020 ΙΧ.
349 957 396 1020 De
419 959 526 1021 mortis
547 974 641 1020 causa
662 956 885 1019 donationibus
907 961 939 1018 et
959 957 1142 1038 oapionibus
1189 1004 1195 1018 .
1240 959 1305 1022 213

484 1117 646 1186 LIBER
675 1115 913 1186 TERTIUS.

394 1259 395 1263 ’
513 1247 571 1319 Da
597 1245 884 1340 oblipationibua.

614 1404 742 1469 cnPuu
764 1405 788 1468 l.

362 1525 539 1588 Communia
560 1523 597 1585 de
617 1522 852 1604 obtentionibus
872 1530 1044 1605 praesepta.

105 1643 199 1707 l'itul.
228 1644 255 1706 l.
356 1642 403 1705 De
425 1642 653 1725 obligationum
677 1643 708 1703 vi
731 1648 825 1723 atque
848 1648 958 1704 natura
1027 1687 1034 1702 .
1081 1689 1087 1702 .
1135 1689 1141 1703 .
1189 1689 1195 1702 .
1242 1643 1305 1708 217

112 1739 162 1840 J„
228 1745 267 1807 ll.
352 1743 399 1805 De
431 1743 543 1806 damno
575 1743 755 1824 prestando
787 1761 845 1824 per
879 1741 985 1806 dolum
1018 1749 1050 1806 et
1081 1744 1202 1825 eulpam

394 1843 490 1906 alicui
514 1843 586 1907 dato
653 1888 876 1904 .....
903 1883 906 1888 ,
922 1888 1197 1904 ......
1242 1844 1307 1909 220

108 1935 162 2023 ”,,
229 1943 283 2004 lll.
354 1944 401 2007 De
424 1945 540 2023 causis,
562 1945 737 2025 exquibus
759 1950 931 2007 naseuntur
953 1943 1163 2029 obligationes
1192 1990 1198 2004 .
1243 1944 1306 2009 223

605 2094 732 2160 CAPUT
763 2095 802 2158 ll.

459 2215 507 2278 De
529 2213 693 2277 verborum
712 2212 953 2295 oblipationibua.

104 2349 198 2458 litul.
228 2394 252 2458 l.
354 2387 401 2456 De
422 2392 658 2473 stipulationum
679 2392 711 2454 vi
733 2397 828 2473 atque
851 2380 961 2453 natura
1032 2437 1039 2452 .
1086 2437 1092 2452 .
1139 2438 1146 2452 .
1192 2440 1199 2454 .
1244 2395 1308 2460 226

110 2536 163 2573 ·„
229 2494 269 2556 ΙΙ.
353 2493 400 2556 De
417 2485 583 2555 inutilibus
600 2490 975 2575 stipulationibnliisque
988 2485 1200 2557 contractibus
1244 2495 1308 2559 229

105 2582 112 2591 ’
148 2641 163 2673 „
228 2594 282 2656 lll.
352 2592 399 2653 De
424 2591 547 2654 duobus
569 2592 633 2653 reis
657 2592 826 2671 stipulandi
848 2598 879 2655 et
901 2593 1102 2673 promittendi
1136 2639 1142 2653 .
1189 2640 1195 2654 .
1240 2594 1305 2659 234

149 2741 164 2774 „
230 2694 282 2756 lv.
355 2693 402 2755 De
423 2692 663 2776 fideiussoribus
686 2699 717 2758 ot
739 2693 1197 2758 desenatuseons.Velleiano
1242 2695 1305 2759 237

599 2843 726 2925 CAPUT
748 2845 802 2909 lll.

245 2965 292 3026 Da
311 2919 544 3042 oblocutionibus
569 2979 637 3042 quoe
659 2982 695 3025 re
714 2970 770 3024 out
792 2964 901 3025 littaris
925 2912 1159 3027 eora’trobuutur.

103 3050 196 3199 Titui.
211 3084 250 3144 l.
350 3083 397 3159 De
424 3081 522 3142 mutui
543 3080 670 3144 dabone
763 3127 1144 3145 ........
1172 3101 1198 3142 ·.
1244 3077 1308 3146 240

171 3182 265 3246 ll
350 3163 397 3245 De
418 3181 524 3243 usuris
549 3226 1198 3247 .............
1242 3181 1303 3245 241

106 3335 161 3371 ¹„
226 3285 279 3348 lll.
346 3283 393 3345 De
413 3279 588 3344 litterarum
610 3274 803 3378 obligatione
870 3333 876 3346 .
923 3278 931 3347 .’
976 3330 1196 3346 .....
1242 3281 1306 3345 242

110 3435 162 3468 ,ᾖ
227 3386 278 3448 lV.
348 3384 395 3446 De
413 3383 608 3446 commodato
654 3430 930 3447 ......
952 3397 954 3404 ·
978 3431 1198 3447 .....
1244 3382 1306 3446 243

102 3482 108 3564 j
140 3493 161 3566 's
226 3485 263 3547 V.
349 3486 397 3548 De
420 3484 562 3565 deposito
595 3501 611 3545 ¹.
765 3489 796 3546 .’
818 3532 1145 3550 .......
1164 3480 1199 3545 ’.
1244 3484 1307 3549 244

101 3579 117 3604 ““
147 3635 161 3664 „
224 3585 276 3648 Vl.
346 3586 393 3649 De
414 3577 547 3668 pignore
569 3602 628 3648 seu
650 3593 812 3650 contractu
833 3590 1040 3673 pignoratitio
1084 3635 1090 3648 .
1128 3606 1146 3648 ·.
1191 3633 1199 3648 .
1243 3584 1306 3649 246

145 3735 161 3766 „
226 3687 293 3748 Vll.
347 3687 393 3748 De
426 3689 549 3757 caeteris
576 3689 810 3766 contractibus,
845 3693 966 3772 quire
997 3690 1204 3773 perficiuntur

395 3787 451 3850 sed
475 3793 593 3872 certum
617 3788 815 3852 nomennon
839 3792 953 3854 babent
978 3835 1197 3853 .....
1242 3788 1305 3852 247

189 4000 192 4004 ,
602 3936 730 3999 CAPUT
751 3937 801 3999 tv.
859 3936 862 3940 ’
926 3936 928 3940 ’

109 4101 139 4116 .,
221 4078 232 4122 5
298 4055 346 4118 De
365 4052 600 4134 oblipotionibua
621 4071 691 4136 quw
713 4073 863 4120 consenso
883 4058 1096 4139 perficiuntur.

104 4169 205 4232 'ritut-
233 4164 256 4232 l.
325 4171 404 4234 De
427 4172 584 4252 emptione
607 4177 644 4234 at
662 4173 844 4239 venditione
869 4222 1198 4240 .......
1244 4178 1306 4242 248

102 4275 163 4351 ⁴¹3,
229 4271 268 4333 ll.
355 4273 401 4334 De
425 4271 582 4335 locatione
605 4279 635 4335 et
657 4275 865 4339 conductione
925 4324 1198 4340 ......
1243 4279 1306 4346 254

146 4418 161 4451 ,,
205 4371 280 4433 Ι-ῙΙΙ,
352 4373 399 4434 De
421 4374 605 4436 societate.
640 4387 658 4434 ’.
705 4421 711 4434 .
866 4424 873 4437 .
920 4423 926 4436 .
968 4411 979 4438 ν.
1026 4379 1032 4438 .’
1080 4425 1086 4438 .
1240 4380 1304 4446 258

99 4468 162 4552 ἰῆς,
226 4472 279 4536 uu.
353 4458 401 4538 ue
421 4475 565 4538 munau
601 4522 1196 4541 ............
1242 4480 1305 4545 262
