2798 4972
204 991 642 1089 tttsntttttlbtttttt
671 989 843 1086 nlnfflt
873 989 1126 1118 nunnius.
1238 1050 1240 1057 ·

456 1211 511 1282 or
525 1209 819 1283 outrarnonnus
834 1211 870 1297 1).

592 1399 737 1408 ,.---

604 1548 670 1612 on.
690 1550 712 1610 r.

149 1681 475 1792 oonmnnm'na
500 1718 881 1788 ossmenuronraus
904 1718 1162 1788 bernonem.

212 1914 276 1965 ΤΙΤ
289 1915 333 1993 ,ΙἸ
354 1914 403 1964 bu
422 1912 702 1966 OBLIGATIONUM
721 1912 758 1963 VI
777 1910 899 1975 ATQUE
919 1910 1065 1964 NATURA
1079 1908 1109 1976 ²).

96 2051 127 2128 ξ,
141 2045 214 2111 156.
260 2043 418 2127 Obligatio
440 2063 457 2105 a
481 2043 642 2104 veteribus
665 2042 812 2104 definitur
834 2043 912 2104 iuris
927 2044 1098 2123 vinculum,
1120 2064 1182 2126 quo
1204 2036 1264 2110 ne-

53 2148 207 2210 cessitate
231 2146 436 2227 astringimur
459 2143 593 2207 alieuius
615 2143 662 2204 rei
685 2143 858 2218 solvende,
881 2146 1052 2208 secundum
1071 2153 1189 2209 nostrae
1214 2151 1263 2209 ci-

54 2249 163 2309 vitatis
186 2247 257 2308 iura
269 2247 308 2332 8).
353 2245 531 2311 Substantia
556 2244 774 2326 obligationis,
799 2246 913 2308 utiam
935 2250 1124 2324 notavimus,
1147 2266 1209 2310 non
1230 2250 1262 2310 in

56 2367 96 2411 eo
117 2348 274 2423 consistit,
298 2352 420 2407 utrem
442 2345 578 2425 aliquam
600 2352 737 2408 nostram
762 2345 874 2424 faciat,
909 2366 968 2409 nec
989 2354 1023 2409 ut
1042 2349 1179 2428 aliquem
1203 2367 1264 2428 po-

55 2450 162 2510 testati
187 2453 304 2511 nostrae
327 2447 504 2523 submittat,
539 2446 597 2509 sed
629 2453 664 2508 ut
695 2447 788 2508 alium
822 2448 913 2510 nobis
939 2449 1116 2532 adstringat
1140 2450 1193 2510 vel
1224 2449 1262 2512 ad

56 2549 193 2611 dandum
216 2547 335 2628 aliquid
356 2546 409 2610 vel
433 2547 472 2610 ad
492 2546 668 2609 laciendum
692 2547 743 2609 vel
766 2546 804 2609 ad
825 2549 1083 2635 praestandum4).

96 2647 166 2710 Non
189 2648 288 2729 igitur
306 2649 406 2709 omnis
430 2649 508 2708 iuris
532 2649 720 2724 necessitas,
741 2666 833 2710 omne
857 2643 994 2712 officium
1017 2649 1170 2732 obligatio
1195 2657 1261 2714 est:

57 2748 114 2811 sed
137 2746 240 2810 solum
263 2747 425 2827 peculiare
447 2747 525 2809 illud
547 2749 631 2810 inter
651 2748 826 2811 debitorem
841 2756 872 2812 et
888 2751 1077 2814 creditorem
1090 2752 1261 2814 vinculum.

98 2846 192 2910 Varia
213 2852 316 2908 autem
345 2851 394 2908 est
416 2848 505 2909 vocis
535 2848 738 2932 obligationis
769 2855 926 2929 potestas:
958 2870 1021 2913 non
1051 2854 1151 2916 solum
1181 2854 1261 2915 enim

56 2951 159 3030 ipsum
182 2947 380 3010 necessitatis
403 2948 562 3009 vinculum
584 2951 667 3011 inter
692 2950 880 3013 creditorem
903 2957 934 3012 et
956 2952 1132 3017 debitorem
1148 2973 1186 3018 co
1201 2974 1262 3018 no-

55 3049 138 3111 mine
163 3046 353 3129 appellatur,
376 3064 486 3109 verum
509 3050 600 3110 etiam
615 3049 700 3111 illius
713 3051 762 3112 ius
780 3070 819 3113 ex
832 3052 1026 3135 obligatione
1039 3056 1206 3119 oriundum
1220 3057 1260 3144 ὅ),

55 3154 108 3210 aut
134 3148 287 3210 debitoris
310 3149 444 3212 officium
458 3149 497 3236 6),
521 3153 593 3211 item
616 3168 711 3214 cansa
734 3171 773 3214 ex
795 3171 856 3234 qua
871 3156 1023 3238 obligatio
1046 3160 1186 3220 nascitur
1202 3178 1262 3220 ve-

55 3250 113 3311 luti
134 3250 373 3336 contractus⁷);
410 3251 463 3311 aut
487 3253 742 3327 instrumentum,
774 3270 835 3333 quo
869 3255 1068 3338 obligationis
1092 3265 1261 3322 contractae

54 3350 198 3431 probatio
233 3350 411 3411 continetur
424 3350 463 3435 ⁸).
519 3348 664 3430 Denique
698 3355 882 3435 angustiore
905 3373 1000 3418 sensu
1024 3358 1176 3441 obligatio
1200 3379 1256 3440 pro

54 3450 199 3534 pignoris
223 3467 306 3512 nexu
327 3452 460 3513 sumitur
469 3449 504 3531 9).
669 3530 673 3538 Ι

99 3546 213 3633 §.tto
256 3551 326 3614 Duo
358 3557 462 3614 autem
491 3551 706 3632 postulantur,
730 3559 763 3613 ut
785 3559 932 3616 nascatur
956 3554 1119 3637 obligatio,
1139 3556 1258 3636 foetam

90 3743 119 3811 1)
140 3746 290 3798 Novissime
308 3747 400 3797 locum
423 3743 458 3793 de
480 3743 691 3808 obligationibus
705 3748 820 3795 tractare
838 3744 917 3811 coepit
936 3746 1063 3798 celeberr.
1085 3766 1108 3798 o.
1130 3750 1261 3816 Soaa'qng,

56 3820 106 3871 dus
128 3820 406 3883 Obla'getionenreebt.
433 3815 523 3865 Berlin
544 3811 729 3866 1851—1853.
749 3815 765 3867 2
784 3815 843 3866 Vol.
864 3814 888 3867 8.
913 3817 988 3870 Doni.
1008 3824 1035 3870 et
1058 3818 1171 3886 Magna,
1195 3820 1261 3874 Eld-

53 3897 141 3942 meato
161 3894 180 3939 t.
199 3891 233 3940 Il.
269 3889 414 3941 Bruxellas
434 3882 513 3938 1859.

89 3957 117 4026 2)
135 3961 156 4011 l.
175 3957 254 4025 3,13
273 3960 320 4026 (de
340 3952 569 4024 obligationibus).
588 3958 622 4007 D.
641 3954 685 4020 44,
707 3956 723 4009 7
742 3956 789 4024 (de
813 3961 1022 4027 obligationibus
1043 3967 1069 4013 et
1090 3959 1259 4030 actionibus).

55 4033 85 4086 0.
105 4029 132 4096 4,
152 4029 186 4082 10
205 4028 252 4098 (de
272 4033 326 4084 obl.
347 4027 466 4094 otest).
1293 4078 1295 4083 .

89 4099 117 4167 3)
137 4104 180 4153 Pr.
199 4105 220 4154 1.
240 4105 266 4154 h.
284 4109 303 4154 t.
323 4120 345 4154 c.
365 4099 408 4152 13.
428 4103 457 4153 0.
478 4099 503 4162 3,
523 4098 559 4152 38
577 4097 626 4159 (de
645 4105 728 4151 contr.
748 4099 828 4167 emt).
901 4100 930 4168 4)
949 4105 991 4155 Fr.
1010 4102 1035 4156 3.
1052 4122 1091 4171 pr.
1110 4106 1143 4153 D.
1162 4107 1187 4156 h.
1207 4112 1224 4155 t.

89 4170 116 4239 5)
135 4174 169 4223 V.
189 4193 212 4226 c.
231 4176 258 4226 in
271 4176 345 4226 titulo
365 4175 428 4225 Inst.
448 4174 496 4225 111.
516 4170 550 4223 28
571 4168 629 4237 (per
648 4187 714 4238 quas
730 4189 858 4239 personas
868 4176 945 4226 nobis
955 4177 1083 4242 obligatio
1095 4175 1260 4244 acquiritur).

89 4241 117 4310 6)
135 4245 179 4296 nr.
198 4244 241 4297 36.
261 4242 385 4309 D.‘12,1
407 4244 454 4311 (de
472 4245 529 4294 reb.
551 4238 645 4306 cred).

88 4309 117 4381 7)
136 4315 179 4367 Fr.
199 4313 242 4368 20.
261 4319 295 4368 D.
315 4314 341 4380 5,
362 4316 376 4367 1
393 4313 438 4382 (de
455 4310 581 4378 iudiciis).
600 4316 631 4365 fr.
652 4312 694 4366 19.
717 4315 752 4364 D.
771 4313 813 4378 50,
834 4313 867 4366 16
886 4313 933 4380 (de
952 4316 984 4365 V.
1004 4314 1053 4382 0.).

89 4384 117 4448 8)
136 4387 165 4438 0.
185 4385 210 4439 7.
232 4387 261 4440 0.
279 4387 307 4452 4,
320 4385 355 4439 30
373 4385 421 4452 (de
438 4402 493 4437 non
513 4400 584 4437 num.
605 4383 685 4451 pce).

89 4453 118 4523 9)
137 4458 181 4510 Fr.
199 4455 226 4511 4.
243 4461 276 4511 D.
295 4456 339 4523 20,
358 4457 375 4512 3
397 4457 468 4526 (quae
487 4472 530 4509 res
548 4456 671 4522 pignori).
