2798 4972
554 319 635 355 crasa
657 320 698 359 ru.
718 319 776 357 cnr.
794 320 831 357 ιν.
1243 312 1295 368 257

105 449 232 512 heredis
255 447 300 509 nil
322 448 475 522 intereat²
494 463 565 508 eum
587 446 711 527 placitis
736 453 837 524 stare,
860 449 1005 529 compelli
1027 468 1090 513 non
1112 456 1234 530 potest,
1266 457 1300 511 ut

99 549 272 611 contractui
295 547 415 611 diutius
436 552 555 628 pareat.
601 547 661 610 Sed
683 566 799 610 onovo
814 548 938 612 domino
954 550 1107 632 expulsus
1124 552 1295 615 conductor

98 667 166 710 cum
180 649 350 712 venditore
363 648 414 710 vel
429 647 549 710 herede
564 648 658 711 hahet
673 650 838 727 actionem,
860 656 893 711 ut
910 651 1064 713 indemnis
1078 657 1245 731 praestetur
1259 653 1296 740 ¹).

136 769 167 847 ξ.
183 765 257 830 899.
302 763 362 837 Qui
386 764 424 827 ad
446 769 566 846 certum
588 769 709 846 tempus
733 766 891 844 conduxit,
915 768 1082 847 aliquando
1105 771 1191 836 linito
1206 776 1297 836 etiam

96 870 239 948 tempore
262 864 396 928 colonus
424 870 478 928 aut
505 866 679 944 inquilinus
715 865 915 950 intelligitur.
960 869 992 932 si
1015 872 1096 933 enim
1124 873 1156 933 in
1179 873 1297 954 praedio

95 971 241 1030 remanet
263 970 295 1028 et
316 964 460 1028 dominus
482 967 600 1046 patitur
622 967 652 1028 in
675 965 772 1030 fundo
795 986 884 1045 esse,
916 971 1007 1033 tacita
1032 972 1184 1036 relocatio
1214 977 1298 1035 inter

96 1086 151 1132 eos
174 1070 337 1130 contracta
359 1067 562 1153 accipitur).
608 1066 696 1140 Quod
720 1071 822 1130 autem
852 1069 967 1132 dictum
991 1077 1056 1149 est,
1087 1074 1297 1135 taciturnitate

96 1170 267 1249 utriusque
288 1169 386 1250 partis
408 1166 554 1231 colonum
572 1167 800 1231 reconduxisse
815 1169 929 1247 videri,
952 1172 993 1234 ita
1008 1172 1222 1253 accipiendum
1238 1178 1297 1249 est,

95 1276 131 1332 ut
150 1271 223 1351 ipso
244 1287 338 1346 anno,
363 1287 425 1350 quo
446 1273 623 1345 tacuerunt,
646 1268 814 1330 videantur
833 1270 964 1333 eandem
987 1270 1176 1336 locutionem
1199 1291 1297 1336 reno-

96 1389 203 1449 vasse,
227 1388 291 1432 non
315 1371 406 1432 etiam
429 1371 459 1432 in
482 1369 689 1450 sequentihus
713 1372 814 1448 annis,
838 1373 959 1435 etiamsi
973 1372 1109 1437 sortasse
1123 1376 1213 1438 initio
1228 1376 1298 1437 lus-

96 1480 180 1536 trum
209 1477 279 1535 erat
308 1471 508 1535 conductioni
540 1473 760 1553 praestitutum.
804 1472 842 1534 Et
865 1474 926 1550 ita,
958 1473 1033 1536 licet
1055 1477 1196 1540 secundo
1218 1496 1298 1540 anno

95 1580 169 1658 post
192 1574 325 1636 lustrum
346 1576 572 1648 remanserint,
602 1590 639 1634 eo
668 1573 739 1652 ipso
763 1591 844 1635 anno
865 1574 1093 1638 reconduxisse
1116 1577 1298 1639 creduntur.

97 1675 131 1738 ln
155 1673 288 1737 urbanis
311 1677 413 1735 autem
436 1672 563 1753 praediis
594 1671 656 1736 ulio
686 1675 755 1735 iure
778 1673 907 1736 Romani
930 1676 1115 1752 utebantur,
1144 1683 1178 1738 ut
1206 1685 1299 1760 prout

98 1778 238 1858 quisque
262 1773 463 1850 habitaverit,
485 1774 526 1835 ita
549 1772 758 1856 obligaretur,
783 1776 842 1836 nisi
868 1781 986 1836 certum
1011 1782 1134 1857 tempus
1156 1779 1299 1841 conduc-

95 1878 194 1942 tionis
217 1875 396 1955 inscriptis
418 1866 678 1955 comprehensum
698 1876 833 1964 essent).

142 1997 174 2078 ξ.
189 1993 262 2059 900.
308 1990 509 2054 contrahitur
539 1991 654 2055 locatio
684 1998 724 2061 et¹
749 1992 917 2055 conductio
936 1993 1091 2055 interdum
1112 1992 1175 2058 alio
1196 1996 1300 2073 modo,

97 2113 191 2177 quam
218 2110 283 2174 quo
308 2091 406 2175 vulgo
429 2092 498 2155 lieri
520 2093 619 2168 solet3
645 2110 707 2172 quo
730 2094 812 2155 iacto
834 2093 979 2156 hodierni
999 2094 1300 2174 irraputoremloca-

97 2197 217 2257 tionem
248 2193 360 2256 adesse
385 2192 502 2255 dicunt.
546 2191 612 2256 Hoc
642 2193 815 2273 prasertim
846 2193 978 2271 accidit,
1015 2213 1083 2257 cum
1113 2198 1159 2258 rei
1190 2195 1300 2259 locuiae

99 2295 271 2361 dominium
292 2295 323 2356 in
348 2293 568 2357 conductorem
593 2293 784 2355 transfertur
814 2298 846 2355 et
876 2311 928 2356 res
959 2299 1026 2358 eius
1055 2295 1198 2376 periculo
1228 2312 1300 2359 esse

97 2397 221 2478 incipit.
267 2394 427 2457 Eiusmodi
450 2399 628 2457 contractus
653 2412 715 2457 non
737 2394 839 2457 solum
861 2400 924 2456 tum
948 2398 1056 2473 initur,
1080 2383 1148 2458 cum
1172 2413 1224 2458 res
1248 2397 1300 2458 lo-

100 2505 177 2563 catae
198 2495 362 2558 molimatur
383 2494 550 2558 traduntur
573 2495 758 2558 conductori
770 2495 798 2584 4)
830 2494 919 2557 velut
947 2499 1186 2562 instrumentum
1211 2498 1300 2561 lundi

100 2598 243 2664 estimati
256 2597 306 2685 l):
330 2615 441 2662 verum
459 2598 587 2662 etiamsi
600 2615 664 2675 res,
688 2616 912 2679 quaenumero‚
934 2601 1075 2680 pondere
1100 2608 1131 2663 et
1154 2621 1300 2667 mensura

99 2706 263 2778 constant,
289 2700 387 2763 veluti
410 2700 598 2763 frumentum
622 2702 663 2763 itu
692 2700 788 2785 (lorte
811 2707 896 2763 trans
922 2721 1007 2764 mare
1031 2705 1224 2791 vehendum)
1249 2706 1300 2771 lo-

101 2809 233 2878 cantur,
259 2807 293 2862 ut
315 2801 352 2863 ah
376 2803 551 2883 accipiente
571 2801 752 2865 tantundem
776 2803 916 2865 eiusdem
941 2806 1070 2886 generis
1091 2825 1128 2868 eo
1151 2805 1212 2869 loci
1227 2827 1302 2873 res-

98 2907 245 2968 tituatur.
290 2903 325 2965 ln
350 2902 504 2968 eiusmodi
527 2908 629 2966 tamen
652 2920 746 2966 causo
769 2903 972 2966 nihilominus
996 2904 1090 2968 locati
1109 2910 1190 2970 actio
1212 2928 1301 2973 com-

98 3009 198 3087 petit,
232 3005 307 3068 licet
329 3011 486 3068 mercator
508 3005 697 3067 frumentum
726 3006 768 3066 ita
801 3004 903 3067 dando
931 3007 963 3067 in
985 3007 1138 3070 creditum
1160 3010 1224 3073 isse
1247 3013 1300 3074 vi-

98 3104 215 3170 deatur
228 3105 267 3195 ⁶).

143 3226 176 3307 §-
193 3223 266 3288 901.
312 3223 440 3304 Species
464 3222 629 3285 locationis
653 3227 684 3284 et
714 3222 931 3285 conductionis
964 3229 1033 3300 est,
1063 3225 1090 3286 si
1122 3232 1302 3291 contractus

99 3321 426 3405 emphytheuticarius
451 3322 646 3387 contrahitur
667 3324 687 3384 i.
711 3343 739 3385 e.
761 3325 788 3385 si
811 3329 965 3404 perpetuo
987 3341 1039 3386 res
1059 3325 1175 3387 utenda
1193 3325 1301 3400 datur3

100 3441 174 3486 cum
196 3422 323 3485 dubium
345 3429 442 3502 esset,
466 3429 569 3485 utrum
592 3424 644 3485 hic
666 3429 846 3487 contractus
867 3442 924 3505 pro
947 3424 1104 3486 locatione
1120 3431 1208 3486 esset
1223 3443 1302 3487 con-

137 3692 168 3760 1)
184 3696 229 3747 Fr.
251 3692 293 3748 25.
313 3695 337 3758 §-
358 3697 384 3752 1.
402 3701 434 3751 fr.
455 3695 499 3750 32.
517 3699 550 3750 D.
569 3699 596 3750 h.
615 3704 633 3750 t.
651 3700 697 3750 cfr.
717 3704 807 3753 tamen
824 3715 847 3750 o.
863 3697 890 3751 9.
908 3695 937 3749 O.
955 3697 983 3749 h.
1001 3702 1020 3748 t.

136 3762 166 3833 2)
186 3767 230 3826 Fr.
249 3766 291 3820 14.
310 3771 342 3820 D.
366 3771 393 3821 h.
412 3775 430 3820 t.

139 3835 170 3903 3)
189 3841 231 3890 lta
249 3841 305 3891 iera
324 3840 458 3908 Ulpianus
471 3842 500 3893 in
519 3843 549 3892 ir.
569 3839 612 3893 13.
631 3839 655 3898 ἓ.
666 3838 708 3892 11.
728 3841 761 3891 D.
769 3838 823 3892 ht
858 3844 900 3893 Da
918 3841 945 3891 h.
964 3842 995 3892 fr.
1013 3843 1085 3891 recta
1102 3839 1302 3908 interpretando

100 3909 216 3961 multum
239 3910 397 3977 disputatur.
435 3913 487 3965 Gir.
506 3930 530 3965 v.
550 3912 696 3979 Vaoqarow
716 3912 738 3972 ἓ.
758 3908 818 3964 644.

102 3977 166 4114 (dd)
185 3982 425 4120 AEstimatio)enim
443 3984 588 4051 periculum
608 3985 674 4035 iacit
693 3985 758 4046 eius,
779 3985 837 4052 quis
855 3983 978 4049 suscepit.
997 3981 1062 4035 ful.
1083 3981 1107 4042 ἓ.
1127 3981 1151 4032 1.
1170 3985 1203 4034 D.
1226 3981 1268 4056 19,
1285 3979 1302 4032 3

135 4054 357 4107 aestimatoria.

138 4119 167 4189 5)
186 4125 230 4176 Fr.
249 4121 274 4176 3.
294 4121 336 4178 54.
356 4125 379 4186 ἓ.
401 4125 426 4178 2.
445 4126 477 4176 D.
497 4127 523 4177 h.
543 4130 562 4176 t.
599 4125 652 4177 Ros
670 4125 709 4176 ita
728 4125 804 4189 data,
826 4141 887 4176 cum
905 4141 960 4176 non
978 4131 1088 4192 pareant
1106 4125 1227 4187 locatori,
1242 4125 1303 4192 far-

103 4209 182 4246 raom
201 4205 334 4249 naturam
351 4196 454 4249 hahere
476 4199 511 4248 ab
530 4195 667 4248 hodiernis
693 4197 834 4260 utuntur,
863 4196 927 4248 inda
945 4197 1019 4263 apud
1039 4196 1187 4248 Germanos
1206 4210 1303 4263 peoora

105 4267 234 4319 mamam
257 4265 360 4321 Eiaoru
373 4267 448 4330 wau,
469 4268 599 4320 dicuntur.
630 4267 745 4330 Quidam
764 4270 836 4320 hunc
855 4273 1020 4319 contractum
1037 4267 1136 4320 aoea‘doe
1154 4265 1306 4334 appellant,

105 4352 157 4405 quo
175 4338 364 4392 nominavero
382 4344 409 4392 at
431 4339 566 4407 designari
587 4341 654 4392 solet
672 4340 814 4392 locationis
832 4339 943 4407 species,
963 4354 1021 4406 qua
1043 4339 1071 4388 in
1090 4352 1187 4404 genere
1206 4339 1303 4405 athias

105 4410 163 4462 aasz
179 4410 196 4464 d
213 4405 322 4476 ctapt'al
339 4409 442 4463 dicitur.
462 4411 491 4464 O.
512 4411 572 4475 oin,
589 4415 638 4464 art.
658 4407 736 4464 1880.

139 4475 168 4545 6)
185 4479 228 4532 rr.
242 4477 286 4533 tl.
305 4481 339 4532 D.
358 4480 384 4533 h
403 4485 422 4532 t.

1118 4563 1248 4642 rr'
