2804 4966
100 282 134 339 ³2
421 286 621 327 nutritoriam
640 286 714 326 lttllt
736 287 838 326 ΙΘΙΑΙΙ
857 286 979 325 nimi.

100 425 243 503 undique
264 416 439 498 conquisita
464 422 495 477 et
518 415 620 492 edita,
656 415 730 478 inde
754 414 902 477 historica
933 420 965 477 et
985 415 1102 478 critica
1128 415 1305 481 Iustinianei

102 529 181 594 iuris
206 519 361 587 tractatio.
406 516 440 578 ln
455 516 555 580 Gallia
580 517 646 579 tate
667 519 746 579 turis
769 517 902 580 docendi
925 519 1007 580 ratio
1028 519 1176 598 primum
1200 519 1303 596 floruit

103 626 262 696 aBatavis
283 626 431 701 recepta,
463 624 494 681 et
524 619 600 682 alibi
631 625 741 700 postea
771 624 897 683 servata
927 617 1092 700 hodieque
1123 623 1303 686 marimein

69 759 72 764 ·
103 728 270 796 Germania
293 720 417 786 exculta
441 729 500 784 est.

144 836 176 914 ς.
195 830 265 894 105.
311 824 524 888 conservatae
547 825 605 886 hae
626 826 748 886 ratione
771 823 862 887 nobis
886 824 1303 905 sunt,praeter1ustinianei

101 937 181 1001 iuris
203 931 313 1009 libros,
336 932 505 993 anterioris
535 929 613 990 iuris
633 927 775 1009 plurime
796 927 941 1008 reliquie
948 946 958 1002 ;
980 927 1084 990 veluti
1106 927 1210 1012 leges
1231 930 1303 991 anti-

102 1054 184 1122 quae,
198 1035 376 1116 plebiscita,
388 1029 674 1106 senatusconsulta,
688 1031 812 1111 aliaque
827 1029 1009 1092 documento
1022 1029 1061 1115 ¹).
1094 1029 1179 1093 Item
1195 1045 1303 1111 eaque

100 1137 343 1203 memoravimus
372 1133 451 1194 iuris
474 1132 729 1194 anteinslinianei
752 1130 936 1213 fragmenta,
960 1130 1062 1193 ueluti
1096 1133 1132 1193 in
1159 1132 1240 1216 lege
1258 1148 1303 1193 ro-

100 1234 454 1319 manaWisigothorum
475 1233 715 1312 comprehensa,
739 1230 826 1295 Pauli
838 1236 1036 1311 receptarum
1059 1233 1302 1306 sententiarum,

99 1340 248 1405 Codicum
271 1335 469 1417 Gregoriani,
493 1333 737 1418 Hermogeniani
761 1340 793 1396 et
814 1337 945 1397 maxime
969 1333 1194 1398 'theodosiani
1223 1334 1302 1418 trag·

98 1445 220 1515 menta,
257 1436 325 1498 Gaii
361 1434 575 1497 institutiones
607 1434 834 1518 aWisigothis
863 1435 1052 1498 reformate.
1112 1435 1198 1500 Alio
1222 1434 1302 1500 modo

99 1545 227 1622 integer
256 1536 324 1600 iere
347 1533 586 1597 'theodosianus
609 1535 716 1599 Codex
744 1542 908 1618 superest,
936 1537 1030 1599 sieuli
1059 1535 1221 1616 plurime
1242 1553 1303 1600 eun

99 1643 273 1722 sequentes
298 1633 457 1709 Novellae3
491 1636 574 1698 tituli
606 1636 731 1717 quidam
754 1635 946 1718 Regularum
968 1633 1114 1716 Ulpiani,
1147 1645 1303 1718 praestan·

100 1742 213 1806 tissimi
237 1739 321 1814 libri,
346 1742 377 1799 et
400 1738 530 1819 genuini
553 1736 785 1800 Institutionum
808 1737 875 1799 Gaii
898 1737 1116 1799 commentarii
1138 1741 1304 1803 maximam

98 1849 217 1927 partem
239 1841 368 1914 servati,
387 1843 419 1900 et
441 1838 564 1901 demum
586 1857 668 1901 anno
683 1862 836 1902 unccexvr
860 1841 892 1900 in
914 1838 1015 1900 lucem
1034 1855 1074 1900 ex
1085 1837 1219 1904 Codice
1240 1858 1304 1905 res·

99 1947 200 2025 eripio
221 1940 394 2023 protracti,
416 1939 540 2019 aliaque
563 1938 749 2022 fragmenta,
773 1957 875 2020 nuper
901 1938 1087 2015 Mediolani,
1115 1938 1304 2006 Tauriniaeel

96 2047 202 2109 Romae
223 2039 401 2127 detentat).
1130 2070 1133 2075 ·

138 2151 169 2230 ς.
184 2144 254 2209 106.
298 2141 355 2204 Est
382 2145 485 2203 autem
516 2139 582 2201 lraec
611 2139 704 2202 hodie
734 2141 813 2202 iuris
837 2142 955 2203 romani
978 2141 1173 2221 auctoritas,
1217 2147 1305 2210 utin

97 2244 281 2328 quibusdam
306 2238 486 2304 civitatibus
515 2257 677 2303 commune
707 2241 756 2303 ius
789 2239 957 2316 habeatur,
990 2238 1072 2321 apud
1107 2242 1193 2306 alias
1232 2263 1305 2310 vero

97 2340 210 2431 gentes
233 2345 312 2406 iuris
334 2341 515 2405 subsidiarii
539 2346 570 2402 et
593 2343 701 2421 scripti
723 2343 801 2403 iuris
821 2342 953 2404 rationis
975 2341 1037 2404 vim
1060 2340 1225 2408 obtineat.
1271 2345 1302 2409 in

97 2446 240 2512 omnibus
263 2461 341 2506 vero
365 2445 444 2506 iuris
469 2444 588 2507 scholis
612 2445 692 2507 bene
726 2443 878 2507 ordinatis
912 2443 1004 2505 huius
1039 2442 1120 2503 iuris
1159 2446 1304 2509 studium

97 2547 257 2632 praecipue
279 2544 394 2608 colitur
415 2552 448 2608 et
468 2544 630 2609 solidioris
646 2546 724 2608 iuris
737 2546 889 2609 doolrinae
905 2544 974 2607 lons
996 2548 1091 2624 atque
1104 2542 1304 2612 tundamen-

97 2658 161 2713 tum
184 2648 268 2712 solet
288 2649 470 2711 existimari.

132 2897 160 2967 1)
179 2901 296 2953 lndioena
323 2914 415 2951 eorum
432 2897 561 2948 exhibent
579 2894 726 2948 Hauootdt
746 2893 816 2946 Imt.
837 2896 889 2946 rior.
901 2893 1024 2945 Romani
1039 2894 1189 2947 liturarios.
1212 2896 1278 2949 Vol.
1287 2896 1306 2948 1.

96 2991 124 3040 p.
143 2969 204 3026 245.
224 2989 280 3042 seq.
300 2966 408 3037 (Lipslae
429 2965 519 3028 1809).
565 2966 685 3032 Corpora
703 2967 795 3017 horum
819 2969 1053 3018 monumentorum
1078 2963 1133 3013 iam
1157 2966 1308 3021 ediderunt

98 3044 266 3097 Haudoldua
284 3048 311 3095 et
328 3041 581 3109 spangenberpiua:
604 3039 705 3090 sedicet
724 3033 750 3102 1)
771 3036 846 3091 Iuris
864 3039 975 3090 romoni
996 3035 1105 3086 Tutatur
1125 3041 1307 3103 negotiorum

97 3118 269 3180 solemm'um,
289 3116 369 3167 modo
385 3115 414 3164 in
432 3127 495 3174 om,
516 3111 633 3162 modom
651 3124 797 3171 marmore,
817 3112 896 3162 modo
915 3111 945 3159 ria
956 3108 1248 3174 coenomanico,
1264 3115 1307 3164 sd.

101 3185 157 3238 Eo.
169 3187 370 3255 spangenberg.
390 3182 487 3247 Lipsiae
499 3177 578 3232 1822.
599 3179 611 3231 1
624 3181 677 3233 vol.
686 3176 711 3230 8.
731 3177 758 3245 2)
772 3178 954 3248 Antiquitatis
965 3179 1098 3230 Romanos
1117 3191 1308 3235 monumenta

98 3261 201 3324 topatio
218 3267 301 3309 extro
320 3257 405 3310 ltoroa
424 3255 493 3304 iuria
510 3254 620 3304 romani
635 3267 742 3320 mursa,
765 3254 797 3300 77
809 3267 921 3319 compos.
933 3252 982 3303 Ota.
992 3246 1218 3316 offensorum,
1231 3255 1307 3309 eata.

102 3328 155 3383 Ed.
175 3330 375 3397 spangenberg.
413 3319 628 3376 Berolini1830.
648 3323 662 3375 1
682 3323 736 3374 vol·
757 3319 782 3372 8.

133 3399 162 3462 2)
184 3401 285 3452 Omnes
310 3399 374 3450 iuris
401 3394 613 3447 anteiustinianei
643 3393 770 3463 reliquias
794 3409 843 3445 suo
870 3397 989 3458 tompore
1007 3395 1084 3441 notas
1111 3392 1309 3456 publioaveral

98 3472 207 3524 Parisiis
228 3467 306 3533 1586,
325 3468 350 3521 I.
371 3471 511 3522 Our'aea'us.
547 3469 612 3518 Post
630 3481 689 3517 eum
701 3462 778 3528 1815,
800 3465 905 3515 domum
917 3478 954 3514 0ae
964 3464 1058 3514 iterum
1076 3462 1230 3528 publioatsa
1248 3473 1309 3522 runt

99 3543 230 3606 Berolini,
249 3540 265 3592 2
285 3542 339 3594 rol.
361 3535 386 3591 8.
405 3539 455 3591 sub
475 3539 551 3590 titulo
572 3536 622 3590 Ius
639 3541 719 3590 etoile
740 3533 1040 3595 outo-Iustim'oneum,
1061 3533 1188 3600 denique,
1211 3544 1244 3590 ut
1266 3555 1309 3592 au.

98 3629 147 3682 pra
165 3614 221 3665 iam
240 3613 355 3664 diximus
379 3611 408 3662 in
426 3609 544 3676 (torpore
568 3609 632 3662 iuris
650 3606 851 3660 Anteiusliniani
870 3606 969 3657 Bonna
987 3604 1060 3656 edito
1082 3598 1282 3662 1841-1842,

573 3907 820 3922 ......---—-·-·-
