2804 4966
463 352 466 361 ,
576 320 790 367 responsorio.
926 354 929 358 ,
1264 316 1298 368 21

98 458 272 521 auctoritas
295 453 393 517 luissd
417 453 561 531 videtur,
593 472 663 516 cum
685 472 796 537 magna
819 455 859 516 sit
884 471 1003 531 eorum,
1028 456 1298 521 maximo'decre·

99 565 212 632 torum,
235 555 522 631 interlocutionum,
544 554 747 635 epistolarum
768 561 822 617 aut
843 556 1068 635 rescriptorum
1089 559 1190 637 copia.

144 662 174 740 ξ.
185 657 236 721 68.
280 655 388 729 Quarti
411 673 488 717 vero
511 662 583 735 post
612 654 768 718 Christum
792 655 897 718 seculi
930 657 1019 719 initio
1051 659 1239 740 gravissima
1263 661 1295 722 iii

100 759 178 821 orbe
200 773 330 820 romano
353 757 482 818 mutatio
508 763 556 818 est
573 757 665 830 lacta,
688 773 758 817 cuin
772 754 995 818 Constantinus
1021 775 1165 839 magnus,
1189 761 1296 824 chris-

100 860 192 921 tiana
212 856 285 918 fidei
308 855 469 931 addictus,
498 856 661 936 imperium
691 861 777 918 esset
806 855 948 937 adeptus.
1001 857 1115 920 Secuta
1138 877 1221 922 nunc
1249 866 1297 922 est

99 959 195 1020 totius
218 955 410 1036 reipublice,
431 973 551 1019 morum
576 961 607 1018 et
627 957 705 1017 iuris
730 956 936 1037 perturbatio.
982 957 1184 1037 Antiquitatis
1209 979 1297 1041 prae.

99 1059 182 1121 clara
208 1061 418 1132 monumenta,
441 1072 510 1136 quic
531 1073 624 1118 novae
648 1048 797 1139 religioni
819 1058 975 1118 contraria
998 1073 1071 1119 asse
1094 1057 1293 1137 videbantur,

99 1159 249 1220 violentia
265 1157 333 1220 fere
355 1156 499 1233 barbara,
521 1155 636 1232 delete,
661 1162 693 1218 et
716 1157 865 1238 gloriose
886 1157 1044 1219 memorie
1064 1176 1116 1220 res
1142 1158 1295 1224 oblivioni

99 1260 220 1321 traditae
240 1263 325 1335 sunt,
350 1275 432 1319 nova
451 1259 574 1338 imperii
595 1257 693 1321 forma
715 1256 873 1338 descripta
897 1263 956 1333 est,
979 1275 1070 1320 novae
1090 1257 1181 1342 leges
1204 1259 1294 1337 dote,

98 1363 172 1424 novi
194 1361 396 1442 magistratus
417 1359 561 1434 instituti,
586 1360 749 1438 imperium
774 1360 805 1419 in
828 1362 962 1438 quatuor
983 1358 1187 1439 praefecturas
1210 1377 1295 1440 prae-

98 1464 235 1525 torianas
256 1459 413 1534 divisum,
448 1460 547 1522 omnis
577 1459 660 1520 inter
685 1459 873 1541 peregrinos
904 1463 936 1520 et
958 1458 1096 1530 Quirites
1118 1457 1294 1524 differentia
1385 1476 1390 1482 ·

97 1562 241 1635 sublata3
264 1560 350 1641 quod
374 1559 499 1640 quidem
520 1561 580 1621 iam
594 1578 651 1640 per
663 1559 855 1621 Antoninum
866 1557 1056 1622 Caracallum
1073 1558 1187 1622 factum
1210 1578 1293 1638 esso,

97 1661 281 1745 perhibetur
291 1661 330 1747 1).
375 1660 598 1742 imperatorum
621 1659 861 1721 constitutiones
884 1677 942 1739 pro
964 1658 1041 1721 solis
1061 1660 1140 1721 iuris
1156 1659 1295 1723 lontibus

97 1764 221 1839 habitae,
244 1761 351 1844 legum
372 1779 486 1823 nomen
508 1759 751 1846 acceperuntl).

140 1863 235 1946 §.ua
279 1861 402 1924 lnterea
427 1860 550 1941 quidam
574 1862 815 1940 incoeperam
842 1857 1092 1935 collocaverunt,
1114 1864 1148 1920 ut
1168 1859 1295 1941 disper-

99 1980 150 2024 sas
175 1964 364 2025 anteriorum
389 1963 613 2043 imperatorum
637 1963 878 2024 constitutiones
900 1961 1098 2043 colligerent,
1123 1966 1154 2022 ct
1175 1963 1208 2023 in
1229 1960 1294 2024 Co-

99 2062 240 2138 dieibus,
269 2061 485 2146 singularibus
509 2063 567 2125 sub
591 2063 710 2138 titulis,
742 2062 914 2125 secundum
937 2061 1033 2124 edicti
1059 2063 1204 2142 perpetui
1226 2061 1294 2124 lere

99 2163 241 2226 ordinem
262 2169 470 2244 reponerent:
502 2165 544 2226 ita
566 2163 628 2226 duo
652 2158 802 2238 Codices,
827 2162 1048 2246 Gregorianus'
1063 2169 1094 2224 et
1116 2161 1294 2244 Hermoge-

52 2254 56 2259 ’
96 2265 228 2336 nianus,
258 2279 393 2343 quorum
424 2269 587 2325 auctorum
610 2263 677 2326 sola
701 2264 824 2326 nomina
847 2268 1033 2344 supersunt,
1057 2261 1175 2324 conditi
1203 2267 1293 2336 sunt3

95 2363 369 2446 Hermogenianus
394 2363 501 2426 Codex
519 2362 577 2425 suli
597 2362 801 2426 Constantino
824 2363 847 2424 l.
870 2362 1006 2426 fortasse
1028 2362 1140 2439 lactus,
1162 2362 1293 2424 alterius

99 2466 348 2546 supplementum
370 2462 470 2527 luisse
494 2452 664 2546 videturl).

141 2567 171 2648 ᾗ.
184 2566 234 2630 70.
277 2563 376 2627 Maior
401 2564 603 2628 nihilominus
628 2564 769 2646 quotidie
792 2565 870 2626 iuris
881 2563 1076 2646 perturbatio
1098 2563 1158 2625 luit
1178 2568 1211 2625 et
1234 2581 1294 2624 ve-

99 2666 176 2728 teris
203 2664 459 2746 iurisprudentlae
476 2666 685 2748 ignorantia,
717 2683 786 2728 eum
816 2671 917 2727 tamen
950 2663 1069 2744 absque
1099 2665 1296 2726 accuratiore

99 2767 168 2829 eius
190 2767 373 2849 cognitione
395 2765 502 2833 uullus
524 2768 649 2830 omnino
669 2768 748 2829 iuris
762 2784 837 2829 usus
853 2784 925 2828 esso
946 2772 1064 2847 posset.
1088 2763 1157 2840 Quo
1180 2764 1295 2828 lactum

99 2872 168 2943 est,
199 2873 234 2928 ut
256 2867 363 2950 legum
384 2867 528 2931 cumulus
553 2868 693 2948 quotidie
714 2872 898 2950 augeretur.
941 2867 991 2928 Ad
1016 2865 1194 2930 firmandam
1215 2867 1295 2941 iuris

98 2968 261 3030 scientiam
295 2969 355 3030 iam
388 2968 465 3030 duas
497 2970 646 3032 emiserat
674 2969 714 3032 de
737 2967 923 3049 quibusdam
947 2968 1153 3049 praecedentis
1186 2966 1294 3029 saeculi

98 3065 393 3131 iurisconsultorum
413 3070 540 3150 scriptis
563 3072 802 3132 constitutiones
822 3068 1044 3132 constantinus
1057 3069 1292 3156 (omnisomnis,

98 3169 269 3255 cccxxvii),
292 3174 401 3248 postea
424 3168 661 3232 Valentinianus
687 3169 729 3231 111
754 3190 781 3233 a.
804 3188 834 3250 p.
852 3169 907 3231 Cli.
931 3193 1077 3234 ccccxxvi
1101 3172 1294 3255 singularem

87 3268 353 3330 ¹constitutionem
375 3268 415 3331 de
438 3271 601 3352 responsis
626 3271 816 3352 prudentum
836 3270 986 3357 emisit4),
1010 3277 1041 3332 et
1060 3271 1254 3335 Theodosius
1267 3271 1295 3333 ll

99 3383 214 3431 novum
240 3366 386 3431 Codicem
409 3370 502 3432 condi
526 3372 619 3433 iussit
641 3391 669 3433 a.
691 3393 899 3448 ccccxxxviii,
922 3388 984 3452 quo
1015 3362 1255 3434 constitutiones
1277 3392 1294 3435 a

100 3466 303 3531 Constantino
321 3469 513 3550 Imperatore
537 3471 697 3552 usquead
720 3465 828 3552 ipsins'
839 3472 1002 3552 imperium
1015 3470 1192 3552 publicntae,
1215 3491 1294 3536 coii-

99 3568 290 3631 tineliantur.
335 3570 442 3634 Codex
464 3572 517 3634 liic
531 3573 768 3635 Theodosianus
791 3575 913 3635 extensi
926 3570 1105 3648 voluminis,
1131 3595 1179 3635 ivi
1205 3572 1294 3635 libris
1355 3608 1362 3615 -

100 3675 233 3747 constat,
256 3670 312 3732 sed
337 3690 449 3755 magna
471 3678 560 3753 parte
581 3674 630 3735 ius
656 3673 817 3754 publicum
842 3671 1040 3753 amplectitur
1053 3671 1094 3757 ⁵).
1307 3683 1311 3688 ’

104 3825 300 3836 -.—..—..

63 3935 72 3954 ¹
135 3938 163 4000 1)
181 3939 222 3990 De
241 3924 415 3992 constantino
434 3939 499 3990 vide
519 3940 629 4002 Bucliii',
649 3940 721 3991 Hist.
735 3938 795 3992 Iur.
807 3940 885 3993 Rom
905 3936 1027 4006 p501-
996 3873 1091 3992 -567
1118 3937 1225 4003 Incipit
1243 3938 1292 3987 sub

102 4011 155 4062 hoc
174 4010 334 4076 imperatore
351 4012 468 4063 barbare
486 4011 551 4062 iniis
569 4012 674 4063 romoni
691 4016 763 4063 atas

135 4079 212 4145 2)O.
231 4079 256 4133 3
280 4080 320 4133 12
341 4082 370 4133 G.
389 4082 413 4133 1.
434 4079 531 4144 14(da
550 4081 653 4147 legib)

136 4149 164 4217 3)
184 4152 278 4204 Edidit
306 4161 410 4199 coniers
431 4159 596 4198 ansaoniaiii
623 4163 655 4198 iix
676 4161 880 4200 usnuoasiiiuiii
901 4158 1059 4199 insanimus
1080 4147 1292 4203 episcopalia.

99 4226 148 4275 uel
163 4224 242 4276 IOtus
262 4224 433 4289 Lipsiensis-¹
454 4222 555 4274 Bonna
573 4225 645 4290 apud
666 4226 696 4274 A.
716 4225 837 4276 Murcum
858 4220 934 4276 1837.
953 4221 980 4274 4.
1017 4223 1171 4274 Continentur
1188 4218 1295 4271 tomoll

99 4302 232 4340 consonis
252 4303 326 4340 iunio
344 4303 576 4344 uursiusriiiiuiii.

134 4361 164 4431 4)
184 4365 236 4417 (lfr
260 4366 389 4418 Gustum
409 4365 512 4417 Senatu
529 4367 619 4418 Rome
640 4367 673 4418 da
694 4366 847 4434 recipiendo
866 4366 966 4418 (lodice
976 4363 1183 4425 'theodosiano
1201 4361 1292 4414 llbroI

97 4435 158 4487 olus
174 4438 327 4504 premium
345 4443 372 4488 et
389 4436 534 4489 Theodosii
553 4437 760 4491 Constiludones
778 4434 795 4490 5
814 4442 841 4488 et
859 4436 903 4489 6
895 4454 922 4490 iii
941 4438 987 4487 lib.
1005 4436 1084 4487 1111.
1105 4435 1127 4484 I

135 4503 164 4574 t)
183 4509 264 4560 Aliud
283 4525 359 4574 opus,
385 4523 421 4562 ex
438 4510 560 4563 littorum
585 4511 687 4576 seriptis
713 4516 739 4562 ot
755 4509 887 4575 prioribus
907 4508 1054 4561 (lodicibus
1072 4450 1295 4573 componendum,
