2798 4972
534 322 615 362 aran
624 325 654 366 rr.
667 323 735 362 rans
744 326 776 363 u.
790 324 848 379 aar.
855 326 894 364 rr.
1242 314 1295 372 177

95 454 281 519 succedunt.
334 454 391 518 Sui
412 461 515 518 autem
538 463 710 533 vocantur,
741 460 815 537 quia
846 457 936 537 quasi
967 455 1131 519 domestici
1161 457 1297 520 heredes

93 563 165 619 sunt
187 562 220 618 et
241 556 320 618 vivo
344 574 471 638 quoque
493 563 583 638 patre
605 558 833 638 quodammodo
856 559 1033 639 patrimonii
1055 559 1185 621 dominii
1209 560 1297 622 exis-

93 659 260 734 timentur,
290 646 395 738 eoque
428 657 550 721 mortuo
581 661 672 739 quasi
694 659 819 722 sibimet
841 660 919 740 ipsis
942 659 1116 721 succedere
1137 658 1296 721 videntur.

78 757 149 841 ¹Sui
170 757 309 821 heredes
331 759 403 820 iure
425 759 512 821 civili
534 761 625 822 etiam
655 759 793 840 heredes
814 761 987 822 necessarii
1009 763 1100 836 sunt,
1122 760 1175 838 qni
1194 761 1297 821 omni-

92 858 185 921 modo
209 860 280 921 sive
303 857 425 936 volunt,
459 861 529 921 sive
549 859 679 936 nolunt,
701 860 836 922 heredes
860 860 947 921 liunt.
998 859 1115 921 Praetor
1133 864 1237 920 autem
1257 861 1297 923 iis

91 960 238 1040 permisit
258 959 448 1036 volentibus,
470 976 543 1022 sese
565 960 603 1022 ab
628 960 804 1023 hereditate
824 960 1002 1040 abstinere,
1025 957 1198 1040 puberibus
1221 961 1297 1037 qui-

92 1060 177 1136 dem,
200 1061 228 1122 si
251 1077 287 1122 se
308 1061 399 1122 bonis
423 1060 560 1122 noudum
577 1038 811 1138 immiscuerint,
835 1061 1051 1142 impuberibus
1064 1076 1154 1134 vero,
1174 1059 1297 1119 etiamsi

92 1177 129 1223 se
150 1161 392 1223 immiscuerint.
445 1160 584 1242 Nepotes
610 1180 650 1224 ex
679 1162 745 1224 lilio
777 1180 838 1224 non
868 1163 960 1224 aliter
982 1163 1032 1223 sui
1054 1158 1189 1223 heredes
1211 1164 1296 1236 sunt,

91 1260 187 1340 quam
209 1261 237 1322 si
259 1278 319 1324 avo
341 1261 444 1324 adhuc
468 1263 608 1338 vivente,
639 1267 729 1342 pater
752 1278 860 1324 eorum
883 1266 937 1322 aut
956 1265 1099 1322 mortuus
1123 1264 1176 1322 aut
1198 1277 1215 1320 a
1237 1276 1297 1338 pa-

92 1363 154 1423 tria
178 1365 336 1441 potestate
358 1362 511 1425 liberatus
535 1363 673 1443 suerit1).
772 1360 779 1375 “

137 1460 254 1545 6628.
299 1461 359 1535 Qui
381 1465 412 1525 in
434 1470 590 1545 potestate
613 1462 753 1526 defuncti
776 1481 838 1524 non
863 1467 970 1538 erant,
997 1462 1139 1524 extranei
1163 1460 1298 1523 heredes

92 1569 252 1627 vocantur
262 1562 311 1650 ²):
332 1566 365 1626 hi
386 1565 533 1627 volentes
548 1570 666 1627 tantum
682 1563 887 1626 hereditatem
903 1564 1139 1639 nanciscuntur,
1161 1561 1297 1643 ideoque

93 1665 269 1728 voluntarii
292 1665 428 1727 heredes
452 1671 606 1727 vocantur
617 1664 657 1751 ⁸).
701 1665 879 1744 Aequirunt
902 1670 1005 1726 autem
1022 1662 1229 1725 hereditatem
1244 1661 1298 1726 vel

91 1767 255 1844 adeundo,
278 1767 332 1830 rel
354 1784 411 1848 pro
435 1766 554 1830 herede
575 1765 728 1850 gerendo.
773 1765 986 1829 Hereditatem
1008 1764 1083 1840 adit,
1108 1765 1163 1844 qui
1189 1764 1297 1826 verbis

93 1868 250 1945 declarat,
282 1884 318 1930 se
337 1868 542 1931 hereditatem
565 1871 729 1947 suscipere
757 1865 909 1952 velle4):
944 1883 1002 1946 pro
1032 1863 1152 1925 herede
1183 1883 1299 1946 gerere

91 1967 227 2030 videtur-
244 1968 284 2045 is,
306 1969 361 2049 qui
382 1968 501 2048 aliquid
523 1966 608 2044 lacit,
632 1968 723 2047 quasi
746 1967 841 2028 heres
865 1971 896 2028 et
911 1967 1013 2028 animo
1035 1964 1163 2027 heredis
1175 1962 1216 2051 ⁶),
1238 1984 1299 2027 ve-

92 2068 153 2130 luti
177 2069 207 2129 si
227 2068 324 2130 rebus
345 2068 546 2131 hereditariis
570 2072 677 2129 utatur
698 2073 844 2147 tanquam
859 2067 964 2142 heres,
988 2066 1041 2127 vel
1055 2064 1221 2127 vendendo
1244 2081 1298 2127 res

94 2168 320 2245 hereditarias,
343 2168 395 2229 vel
418 2168 536 2249 praedia
559 2166 691 2231 colendo
717 2166 893 2229 locandovc
908 2167 946 2253 6).
997 2155 1150 2228 Caeterum
1174 2166 1201 2226 si
1224 2165 1299 2244 quid

93 2271 223 2351 pietatis
245 2284 340 2331 causa
363 2269 440 2332 lecit
459 2269 511 2331 vel
526 2268 678 2331 custodiae
691 2269 802 2350 gratia,
825 2268 852 2329 si
875 2266 1001 2347 quidem
1016 2267 1106 2345 quasi
1127 2265 1221 2328 heres
1235 2283 1298 2329 non

96 2372 176 2453 egit,
200 2372 257 2433 sed
280 2373 369 2451 quasi
389 2368 452 2434 alio
473 2373 543 2435 iure
559 2373 716 2448 dominus,
737 2376 867 2451 apparet
890 2388 960 2432 eum
973 2388 1036 2433 non
1052 2369 1154 2431 videri
1167 2388 1225 2450 pro
1238 2371 1320 2433 he-'

94 2471 175 2535 rede
197 2471 386 2554 gessisset).
438 2473 626 2536 solennibus
650 2473 757 2535 verbis
790 2471 995 2535 hereditatem
1025 2471 1104 2532 adiri
1127 2470 1301 2533 novissimo

94 2576 167 2636 inre
189 2589 318 2636 romano
336 2590 399 2634 non
423 2579 564 2653 oportet:
587 2575 647 2637 iam
669 2574 751 2636 enim
771 2572 938 2648 Arcadius,
960 2571 1116 2634 Honorius
1139 2576 1170 2632 ct
1194 2571 1300 2634 Theo-

95 2674 209 2737 dosius
230 2656 405 2737 cretionum
428 2675 647 2755 scrupulosam
668 2673 889 2736 solennitatem
912 2672 1122 2735 aboleverunt
1132 2672 1173 2759 ⁸).

139 2781 170 2859 ξ.
188 2775 262 2842 629.
305 2773 461 2837 Bonorum
483 2777 719 2855 possessionem
742 2780 802 2836 tam
823 2775 873 2837 sui
897 2792 987 2854 quam
1011 2773 1152 2834 extranei
1165 2773 1301 2836 heredes

96 2881 211 2956 petere
234 2874 369 2938 debent:
392 2891 452 2938 nec
475 2876 648 2938 novissimo
669 2874 739 2937 iure
760 2875 950 2937 contrarium
974 2873 1186 2936 introductum
1208 2873 1301 2960 est⁹).

98 2976 252 3041 Edictalis
279 2976 432 3039 bonorum
461 2977 624 3057 possessio
648 2977 730 3056 apud
751 2977 967 3058 magistratum
1002 2980 1034 3037 et
1059 2974 1099 3038 de
1123 2974 1217 3056 plano
1239 2993 1301 3058 ag-

98 3078 190 3141 nosci
212 3080 335 3158 potest:
359 3076 527 3140 decretalis
547 3094 625 3139 vero
649 3094 753 3139 coram
776 3075 926 3146 tribunali
948 3075 1082 3156 petenda
1106 3081 1165 3151 est,
1187 3081 1218 3138 et
1241 3075 1301 3138 de-

98 3182 189 3240 creto
214 3176 338 3240 demum
360 3178 548 3257 interposito
570 3176 777 3262 compotum).
829 3177 1017 3258 Agnoscere
1048 3177 1119 3256 quis
1148 3175 1301 3240 bonorum
1354 3179 1358 3185 '

100 3278 340 3358 possessionem
362 3280 468 3357 potest
491 3265 543 3338 vel
566 3276 860 3357 persemetipsum
883 3273 936 3336 vel
958 3291 1016 3354 per
1039 3273 1142 3351 alium,
1166 3277 1225 3337 ie.
1246 3294 1305 3357 per

100 3381 353 3460 procuratorem,
365 3381 501 3439 tutorem
517 3382 737 3440 curatoremve
750 3376 802 3463 11).
847 3374 910 3438 lmo
933 3375 960 3436 si
973 3362 1142 3438 eitraneus
1162 3378 1304 3458 agnovit,
1342 3460 1344 3463 Ι

99 3514 300 3526 -n—

133 3581 163 3652 1)
182 3584 227 3635 Fr.
244 3577 287 3632 71.
307 3581 330 3642 §-
348 3580 373 3635 3.
391 3580 417 3634 4.
435 3585 467 3634 fr.
486 3580 529 3634 91.
548 3583 582 3632 D.
600 3582 627 3632 h.
645 3585 664 3632 t.
684 3579 708 3640 ἓ.
727 3578 790 3632 5.1.
809 3579 871 3632 eod.
889 3580 1107 3642 Testamentum,
1132 3594 1181 3630 suo
1202 3579 1304 3633 herede

100 3657 265 3716 abstinente,
286 3652 441 3706 destitutum
457 3669 512 3704 non
530 3654 648 3705 efficitur.
660 3654 698 3705 ir.
717 3648 760 3705 57.
778 3669 818 3719 pr.
838 3653 871 3704 D.
890 3651 917 3702 h.
937 3655 955 3702 t.
973 3651 1004 3701 fr.
1023 3647 1065 3702 30.
1087 3647 1166 3710 §.10.
1186 3653 1219 3702 D.
1230 3650 1303 3717 40,5

102 3720 151 3792 (de
168 3721 489 3791 fideicommiss.·libort.).

135 3796 165 3863 2)
187 3796 212 3856 §-
231 3794 256 3848 3.
274 3796 296 3848 1.
314 3798 341 3848 h.
360 3801 379 3847 t.
398 3797 457 3849 Gai.
477 3796 502 3848 2.
522 3792 545 3853 ἓ.
563 3793 624 3848 161.
717 3789 755 3858 ’3)
770 3794 813 3844 Fr.
833 3789 876 3845 15.
895 3791 937 3844 16.
958 3793 992 3842 D.
1007 3792 1035 3843 h.
1053 3797 1071 3843 t.

134 3868 167 3937 4)
189 3869 279 3920 Adicio
297 3869 454 3932 hereditatis
472 3872 562 3918 tamen
581 3871 607 3919 et
625 3867 710 3919 omnis
730 3865 877 3916 declaratio
898 3865 932 3915 de
956 3864 1126 3932 suscipienda
1151 3867 1303 3919 hereditate

100 3946 224 4003 vacatur,
241 3939 322 3992 etiam
341 3955 398 4008 qua
414 3939 495 3990 tacite
513 3939 549 3989 fit.

135 4010 167 4079 6)
184 4012 229 4064 Fr.
248 4009 292 4062 20.
309 4028 350 4078 pr.
368 4011 391 4070 ἓ.
410 4010 434 4062 1.
454 4013 485 4061 fr.
504 4007 547 4061 21.
565 4026 604 4076 pr.
625 4008 649 4069 6.
669 4008 694 4062 1.
713 4011 745 4061 fr.
766 4004 810 4058 88.
827 4007 861 4058 D.
880 4006 907 4056 h.
926 4011 944 4058 t.

136 4081 166 4150 6)
187 4082 212 4143 §-
233 4078 259 4133 7.
276 4083 298 4133 Ι.
318 4084 345 4134 h.
364 4086 381 4133 t.
402 4082 462 4133 Gai.
483 4079 506 4140 §-
525 4080 586 4133 166.
606 4098 660 4150 seq.
760 4077 789 4145 7)
806 4080 850 4128 Fr.
869 4078 911 4131 20.
929 4094 968 4144 pr.
990 4075 1240 4136 §.1-3.1>.00d.

137 4153 167 4222 1)
190 4155 219 4207 O.
238 4151 282 4207 27.
302 4153 370 4207 Cod.
388 4154 416 4205 h.
434 4157 452 4204 t.
490 4153 604 4205 Cernere
626 4152 762 4205 debebant
777 4153 797 4202 it
815 4153 935 4211 tantum,
960 4148 1006 4215 qui
1023 4164 1085 4200 anm
1111 4152 1228 4202 cretione
1255 4150 1301 4201 he-

102 4228 184 4281 redes
201 4225 314 4278 instituti
331 4230 415 4277 erant.
436 4225 489 4276 Otr.
510 4224 679 4277 decretione
702 4223 799 4276 Gaium
819 4220 844 4272 2.
864 4220 886 4279 ἃ.
908 4216 966 4271 167.
988 4236 1042 4287 seq.

102 4368 121 4423 b
138 4297 168 4367 9)
189 4298 218 4350 0.
237 4297 272 4434 9.)
282 4297 312 4350 0.
331 4294 357 4359 6,
375 4294 392 4348 9
411 4292 469 4365 (qui
487 4295 591 4348 admitti
614 4296 650 4348 ad
668 4297 731 4348 bon.
750 4288 844 4362 poss).
866 4292 925 4361 Nec
942 4290 1032 4342 obstat
1051 4289 1073 4348 §.
1093 4289 1118 4342 9.
1136 4291 1157 4343 1.
1176 4290 1202 4355 3,
1220 4291 1237 4345 9
1256 4288 1304 4357 (da

123 4387 166 4424 cu.
206 4385 281 4422 oss..
482 4416 485 4421 .
708 4388 712 4393 ·

118 4441 154 4496 10
183 4387 247 4509 813.
267 4441 300 4492 fr.
318 4436 344 4491 8.
363 4437 386 4498 ἓ.
405 4436 430 4491 8.
447 4440 481 4490 D.
502 4431 581 4500 87,1
602 4432 650 4502 (de
666 4436 695 4488 b.
711 4431 759 4502 p).
778 4437 810 4487 fr.
829 4432 855 4487 2.
874 4432 897 4494 ἓ.
919 4431 943 4485 1.
961 4432 995 4484 D.
1009 4428 1054 4496 88,
1073 4427 1108 4484 15
1126 4429 1196 4503 (quia
1213 4430 1302 4501 ordo).

121 4511 154 4566 11
185 4511 231 4566 rr.
250 4506 276 4564 t.
296 4507 321 4570 t.
337 4505 365 4562 7.
381 4509 414 4563 12.
432 4504 458 4562 7.
476 4524 516 4576 pr.
531 4502 594 4568 st.
612 4508 643 4559 a.
660 4504 685 4559 t.
704 4507 739 4557 1).
757 4500 801 4569 tt,
819 4501 834 4557 1
855 4499 980 4568 (taeta).
1000 4500 1056 4556 at.
1074 4499 1227 4570 etslm.
1238 4505 1304 4571 ata).

1106 4600 1140 4656 12
