2804 4966
625 184 648 221 δ’

146 301 200 358 310
334 315 338 327 ·
464 303 664 343 insalubrium
683 306 758 343 lunis
779 303 883 341 noum
904 304 1027 342 altividi.

151 441 273 508 dicisve
294 439 546 512 interveniente;
570 453 661 518 quarn
682 437 722 498 ob
747 454 871 499 causam
895 436 954 499 boc
976 436 1047 500 loco
1069 437 1208 516 quaedam
1229 437 1271 501 de
1285 457 1357 501 ma-

149 546 338 627 gistratuum
359 544 527 621 potestate,
550 538 589 600 de
611 538 737 600 iudiciis
757 544 789 600 et
811 538 850 600 de
874 536 1101 618 principalibus
1122 540 1244 602 actibus
1267 540 1355 603 iudi-⁴

148 643 280 707 cialibus
302 640 432 704 dicenda
456 640 580 726 sunt1).

190 743 326 826 §.1082
369 741 573 824 Magistratus
598 745 738 822 potestas
763 740 845 821 apud
872 741 1028 804 Romanos
1050 740 1113 803 duo
1139 742 1352 823 comprehen-

148 843 530 908 debat:'iurisdictionem
554 847 586 904 et
608 841 914 928 irnperium²);·illa
936 844 968 903 in
991 844 1096 904 causis
1117 843 1352 926 cognoscendis

148 952 180 1009 et
200 947 366 1009 sententiis
388 943 531 1006 dicendis
555 943 700 1005 consistit
712 943 752 1028 Β),
776 943 836 1004 boc
859 943 890 1003 in
914 943 1045 1004 iubendi
1067 948 1098 1004 et
1116 943 1232 1006 iudicia
1254 961 1352 1008 exse-

150 1047 265 1128 quendi
286 1050 443 1126 potestate
455 1043 494 1130 4).
519 1043 684 1123 Imperium
707 1049 809 1105 autem
832 1044 960 1104 mixtum
978 1043 1142 1105 dicebatur
1154 1044 1207 1105 vel
1219 1063 1351 1120 merum,

149 1154 303 1229 quatenus
326 1163 395 1207 cum
414 1144 635 1206 iurisdictione
657 1149 725 1206 erat
745 1145 944 1206 coniunctum
959 1145 1013 1206 vel
1025 1163 1106 1207 non:
1128 1146 1253 1225 imperii
1273 1146 1351 1208 meri

148 1254 216 1311 erat
239 1247 337 1330 gladii
357 1251 508 1326 potestas.
551 1244 679 1306 ldixtum
703 1247 866 1326 imperium
890 1252 921 1307 et
941 1245 1093 1309 bonorum
1116 1247 1351 1328 possessionem

149 1354 181 1411 et
202 1348 316 1410 iudicis
340 1346 432 1408 dandi
454 1352 640 1427 potestatem
663 1347 899 1426 comprehcndit
909 1347 947 1428 15).

191 1451 221 1530 ξ.
236 1447 327 1513 1083.
373 1448 552 1510 iurisdictio
582 1446 634 1510 vel
658 1450 854 1512 contentiosa
879 1454 946 1525 est,
980 1448 1033 1511 vel
1064 1449 1261 1525 voluntaria,
1296 1449 1351 1511 illa

148 1550 382 1612 controversias
405 1554 436 1611 et
458 1549 530 1610 lites
554 1548 687 1627 dirimit,
718 1553 785 1612 baec
808 1550 888 1611 iuris
918 1552 1045 1632 nogotia
1076 1549 1217 1630 quaedam
1239 1551 1352 1614 solen-

150 1651 201 1711 nia
224 1651 255 1710 in
280 1651 350 1710 iure
372 1655 500 1729 peracta
524 1650 687 1712 confirmat
697 1650 736 1736 ⁶).
768 1650 860 1738 Nulla
873 1669 952 1713 vero
969 1651 1030 1713 nisi
1050 1670 1086 1713 ea
1104 1653 1231 1733 negotia
1246 1668 1351 1715 coram

150 1751 335 1832 magistratu
358 1751 568 1824 celebrantur,
593 1768 663 1831 quae
688 1769 744 1832 per
757 1750 822 1814 litis
835 1752 993 1815 fictionem
1007 1753 1179 1815 secundum
1192 1755 1351 1834 antiquam

150 1849 233 1930 legis
256 1851 413 1912 actionum
436 1869 572 1914 normam
596 1855 616 1913 i.
642 1872 669 1914 e.
693 1871 750 1933 per
771 1855 803 1914 in
825 1853 895 1914 iure
914 1855 1089 1916 cessionem
1101 1854 1350 1936 peragebantur,

149 1954 184 2008 ut
205 1952 482 2027 manumissiones,
515 1953 791 2033 emancipationes,
815 1954 1000 2034 adoptiones
1022 1954 1156 2035 aliaque
1178 1956 1354 2034 antiquitas

149 2056 287 2130 receptae
308 2054 339 2112 in
364 2053 434 2114 iure
456 2054 619 2116 cessiones
633 2053 670 2140 7).
715 2053 837 2116 idcirco
859 2055 1037 2118 iurisdictio
1061 2054 1239 2118 voluntaria
1262 2056 1354 2119 etiarn

148 2151 232 2234 legis
255 2153 335 2215 actio
358 2154 522 2216 dicebatur
532 2154 573 2240 8).

191 2257 219 2335 ᾗ.
234 2253 326 2319 1084.
370 2252 487 2316 Iudicia
512 2254 637 2334 publica
659 2260 733 2316 sunt
750 2260 803 2316 aut
820 2255 943 2336 privata
956 2255 1003 2341 9);
1027 2256 1095 2318 baec
1107 2256 1145 2318 ad
1161 2254 1355 2319 dirimendas

148 2357 343 2437 privatorum
374 2356 610 2418 controversias
632 2356 776 2418 instituta
807 2360 898 2432 sunt,
931 2354 985 2416 illa
1012 2356 1051 2418 ad
1081 2357 1211 2419 crimina
1237 2374 1357 2438 perse-

151 2456 271 2536 quenda
298 2461 329 2516 et
351 2455 509 2536 punienda
522 2456 575 2543 10).
606 2454 801 2519 Privatorum
821 2456 1010 2518 iudiciorum
1033 2457 1112 2520 ordo
1138 2458 1193 2543 (de
1208 2458 1359 2538 quosolo

150 2560 201 2620 hic
229 2556 336 2618 dicere
366 2557 468 2643 iuvat)
504 2559 601 2619 variis
632 2557 817 2637 reipublicae
844 2556 989 2620 Romane
1020 2558 1214 2640 temporibus
1244 2559 1359 2620 varius

150 2664 227 2729 erat.
271 2658 300 2721 A
329 2658 404 2740 lege
434 2655 492 2718 Xll
522 2656 710 2720 Tabularum
739 2657 815 2719 inde
846 2673 948 2737 usque
977 2658 1015 2720 ad
1046 2656 1278 2722 Diocletianum
1303 2661 1358 2724 vel

150 2759 385 2823 Constantinum
415 2759 572 2821 ordinaria
603 2758 719 2820 iudicia
752 2759 819 2820 brec
847 2764 955 2820 erant:
990 2765 1025 2820 ut
1054 2759 1196 2840 quaedam
1223 2761 1256 2822 in
1286 2784 1360 2824 runs

150 2860 233 2943 apud
256 2863 471 2943 magistratum
493 2859 603 2941 populi
633 2859 732 2921 veluti
763 2859 844 2940 apud
865 2858 1032 2921 Praetorem
1055 2865 1109 2921 aut
1131 2859 1359 2924 Proconsulem

90 2974 92 2979 ⁴
151 2961 273 3035 tierent,
299 2960 439 3039 quaedam
462 2983 492 3021 ru
518 2981 639 3022 runrcro
662 2960 683 3020 i.
708 2978 736 3022 c.
760 2976 949 3021 coram·uno
977 2959 1165 3039 pluribusve
1196 2960 1359 3024 iudicibus

151 3061 189 3124 ad
213 3060 298 3122 litem
322 3060 525 3123 decidendam
543 3061 740 3122 constitutis.
785 3059 902 3123 Coram
918 3063 1104 3144 magistratu
1125 3061 1241 3124 fiebant
1257 3063 1291 3124 in
1307 3065 1359 3125 ius

152 3162 288 3237 vocatio,
317 3162 449 3223 actionis
472 3161 568 3222 editio
591 3165 622 3221 et
641 3159 833 3241 postulati03
859 3165 992 3240 utraque
1014 3165 1104 3241 parte
1119 3161 1225 3224 audita
1240 3181 1360 3226 cansa-

152 3279 215 3342 que
237 3263 363 3344 cognita
388 3279 447 3342 per
475 3259 640 3323 formulam
670 3261 709 3322 lis
734 3259 942 3322 definiebatur
967 3266 999 3322 et
1020 3261 1062 3322 ita
1086 3260 1229 3324 ordinata
1253 3263 1359 3346 vulgo

151 3363 247 3425 iudici
271 3363 448 3439 arbitrove,
483 3381 500 3422 a
523 3361 721 3443 litigantibus
743 3360 826 3424 lecto
848 3361 900 3424 vel
925 3380 942 3424 a
964 3363 1151 3444 magistratu
1180 3361 1275 3439 dato,
1305 3368 1360 3426 aut

151 3533 349 3546 ht—————n

186 3635 214 3704 1)
234 3639 294 3691 Hoc
322 3645 506 3706 argumentum
533 3640 688 3692 brevissime
712 3641 859 3708 exposituri
883 3655 990 3706 sumus3
1027 3640 1179 3706 diligentius
1210 3642 1357 3709 exponitur

152 3711 225 3776 apud
244 3711 397 3775 Zimmerrs,
428 3731 452 3764 o.
471 3710 585 3775 Keller,
612 3730 637 3764 v.
653 3712 965 3779 Buttmann-Holmoe,
989 3713 1115 3775 Psaclrto,
1138 3729 1162 3765 v.
1187 3711 1351 3780 Vmorem,

154 3781 265 3850 Moyses,
285 3799 352 3850 quos
375 3785 516 3850 scriptores
536 3788 565 3834 ut
585 3785 709 3836 consulat
729 3786 855 3836 lectorem
873 3800 1006 3850 rogamus.
1051 3809 1054 3812 ⁴

189 3852 217 3920 2)
236 3855 279 3904 Fr.
299 3856 323 3905 1.
341 3857 375 3905 D.
396 3854 422 3919 2,
443 3855 457 3907 1
478 3853 525 3920 (de
542 3856 749 3919 iurisdictione).

186 3923 215 3990 3)
235 3926 278 3977 Fr.
299 3925 323 3976 1.
342 3928 376 3976 D.
395 3928 437 3978 cit.
459 3927 491 3977 ir.
512 3926 536 3978 1.
555 3926 579 3986 1.
597 3925 622 3979 9.
641 3928 685 3980 10.
702 3929 736 3979 D.
756 3923 800 3990 39,
821 3925 838 3978 a
856 3924 904 3989 (de
922 3926 1021 3997 damno
1038 3922 1157 3992 inlecto).
1195 3927 1264 3978 Inde
1281 3926 1358 3979 iuris·

153 3997 234 4050 dictio
254 3999 334 4049 etiam
354 3999 428 4051 notio
446 4003 568 4048 vocatur.

185 4066 213 4134 4)
234 4069 277 4121 Fr.
294 4067 320 4120 4.
340 4071 373 4120 D.
393 4069 419 4133 2,
440 4067 454 4119 1
474 4069 526 4134 (tit.
550 4065 614 4129 cit).
715 4065 743 4132 5)
763 4067 806 4120 Fr.
828 4066 853 4120 3.
875 4066 900 4120 5.
919 4068 953 4118 D.
973 4067 1048 4120 eod.'

186 4139 213 4206 6)
232 4141 275 4191 Fr.
296 4141 320 4193 2.
340 4140 363 4200 1.
384 4140 408 4193 1.
429 4141 463 4190 Ι).
483 4138 560 4202 1,1a
581 4137 628 4204 (de
647 4139 717 4191 01110.
733 4136 922 4205 proconsulis).

184 4208 214 4276 7)
236 4212 295 4264 Gai.
316 4211 340 4264 2.
364 4211 387 4272 ἓ.
409 4209 452 4263 14.
471 4211 603 4263 Vaticana
620 4211 670 4261 iur.
687 4227 754 4261 rom.
771 4213 866 4278 fragm.
888 4207 975 4272 145.
995 4206 1122 4264 48.-50.
1147 4210 1249 4263 Keller
1268 4209 1292 4272 §-
1312 4209 1357 4264 14.

183 4279 212 4348 8)
232 4284 274 4335 Fr.
291 4283 316 4335 2.
335 4301 373 4350 pr.
391 4287 423 4336 ir.
441 4281 466 4335 3.
493 4285 526 4335 D.
548 4284 574 4346 1,
594 4280 626 4333 16
649 4278 698 4346 (tit.
720 4279 833 4347 cittis.
853 4283 878 4334 1.
907 4285 941 4334 D.
959 4282 986 4344 1,
1003 4279 1042 4336 20
1066 4279 1114 4349 (de
1138 4284 1228 4338 officio
1253 4279 1357 4349 101111.)

151 4350 258 4406 Tutoris
280 4355 352 4406 datio
371 4356 509 4408 iudanon
528 4359 587 4406 erat
601 4353 800 4406 iurisdictionis.
818 4357 850 4406 fr.
869 4352 894 4406 2.
912 4356 945 4405 D.
965 4354 1038 4406 ibid.

186 4423 214 4488 9)
235 4425 326 4477 Oicoro
347 4444 395 4493 pro
418 4427 522 4480 Oaeciba
543 4441 601 4492 cap.
620 4422 645 4475 2.

169 4492 213 4562 10)
232 4497 295 4547 Inst.
313 4496 341 4560 4,
362 4495 396 4550 18
418 4496 465 4563 (de
482 4498 597 4564 publicis
614 4493 740 4562 iudiciis).
760 4497 820 4562 Dig.
838 4493 883 4560 48,
903 4495 918 4548 1
937 4493 1095 4562 (audiit).
