2798 4972
138 311 191 366 170
457 322 659 361 nnsrrnunonu
678 322 752 361 ruam
772 324 874 363 nonin
895 325 1015 367 anirum.

178 457 208 535 §-
221 453 294 520 599.
340 453 557 533 Relinquenda
579 460 629 516 est
651 455 791 535 denique
806 455 909 518 debita
925 460 1029 538 portio
1044 457 1165 537 absque
1178 457 1247 520 ullo
1260 476 1341 541 grn-

137 555 276 628 vamine;
310 560 342 616 et
363 556 462 618 omnis
484 555 641 632 conditio,
677 558 777 618 omnis
799 557 908 619 dilatio
933 558 985 619 vel
1006 559 1075 620 dies
1098 559 1150 620 vel
1173 560 1286 622 modus
1307 559 1340 620 ci

136 657 300 737 impositus
323 672 381 735 pro
403 672 466 718 non
488 658 615 737 scriptis
644 656 799 719 habentur
811 661 850 744 1).
893 659 956 721 Sed
985 658 1063 722 illud
1096 658 1203 722 lacere
1234 666 1340 740 potest

128 763 278 832 testator,
302 759 330 818 si
353 774 433 819 onus
452 759 614 838 imponere
637 758 726 834 velit,
754 763 788 818 ut
810 758 893 839 plus,
916 777 1009 840 quam
1030 760 1211 836 debuisset,
1235 761 1341 823 relin-

135 866 212 941 quat
232 863 264 920 et
284 875 454 941 gravamen
477 859 508 919 in
531 857 591 920 boo
611 859 748 938 imponat
756 877 765 932 3
788 875 851 938 quo
874 859 957 923 lacto
980 864 1008 922 si
1029 861 1190 922 institutus
1212 860 1266 923 vel
1286 861 1340 923 le-

135 960 275 1044 gatarius
298 959 446 1020 maiorem
470 965 589 1046 partem
612 977 727 1040 capere
750 960 839 1035 velit,
863 967 991 1023 coactus
1009 961 1110 1024 estnd
1125 963 1340 1026 conditionem

134 1062 185 1122 vel
209 1060 332 1121 modum
356 1061 533 1140 impositum
559 1060 760 1141 implendum.
805 1061 878 1124 Haec
900 1062 952 1124 lex
974 1082 991 1124 a
1013 1064 1138 1125 nomine
1152 1066 1339 1144 interpretis

134 1162 218 1224 illem
239 1161 402 1222 suadentis
428 1161 550 1223 cautela
574 1161 690 1223 Socinii
712 1161 899 1242 appellatur.

176 1265 207 1344 ξ.
220 1261 293 1325 600.
337 1258 490 1322 Gaeterum
512 1259 555 1321 nil
578 1262 721 1336 interest,
745 1246 807 1340 ono
824 1260 916 1324 modo
933 1263 984 1325 vel
1003 1262 1094 1325 titulo
1110 1264 1178 1326 hoc
1192 1262 1338 1346 legitima

137 1364 242 1444 portio
273 1359 490 1440 relinquatur,
528 1367 631 1423 ulrum
660 1378 719 1440 per
753 1360 909 1442 legatum,
943 1363 1235 1439 fideicommissum,
1277 1382 1338 1444 per

137 1463 245 1524 mortis
269 1478 364 1522 causa
384 1460 602 1536 donationem,
634 1479 673 1522 an
696 1460 889 1524 hereditario
909 1461 1015 1525 aliove
1037 1466 1123 1536 inre;
1160 1462 1254 1526 modo
1283 1465 1337 1525 in-

137 1570 228 1645 tegra
249 1561 360 1623 relicta
382 1562 424 1622 sit
436 1560 475 1646 ²).
519 1559 598 1622 llinc
622 1563 777 1641 sequitur,
799 1579 882 1638 enm,
904 1565 957 1624 cni
979 1562 1037 1625 illa
1053 1563 1199 1640 debetur,
1222 1565 1341 1639 omnia,

137 1680 208 1743 qum
231 1663 292 1742 ipsi
314 1679 505 1741 quocunque
528 1661 620 1723 modo
642 1664 751 1724 mortis
774 1680 868 1724 causa
883 1663 996 1726 relicta
1010 1671 1095 1740 sunt,
1117 1665 1149 1724 in
1166 1664 1341 1745 legitimam

138 1764 315 1844 portionem
337 1765 491 1842 imputare
513 1760 642 1837 debere,
667 1781 809 1825 necnon
832 1763 875 1840 id,
899 1765 984 1843 quod
1008 1765 1090 1827 inter
1112 1765 1204 1827 vivos
1226 1767 1258 1827 ei
1280 1765 1341 1827 hae

139 1864 322 1927 conditione
347 1863 495 1925 donatum
519 1862 616 1924 luerit
628 1863 668 1949 ³).

179 1966 210 2045 ξ.
225 1963 299 2027 601.
343 1962 489 2024 Remedia
512 1961 552 2023 ad
573 1963 654 2024 hanc
666 1968 785 2042 partem
805 1961 1054 2042 persequendam
1069 1981 1233 2042 concessa,
1255 1972 1341 2042 sunt,

136 2065 289 2127 siminus
314 2062 410 2123 luerit
431 2061 587 2138 relictum,
611 2064 692 2126 actio
714 2062 753 2124 ad
776 2062 981 2142 supplendam
997 2065 1185 2143 portionem,
1207 2072 1239 2128 ct
1256 2085 1342 2146 qne-

45 2228 51 2232 .
137 2164 203 2228 rela
225 2165 265 2227 de
284 2162 459 2226 inollicioso
471 2169 668 2239 testamento,
691 2164 719 2224 si
740 2164 865 2224 omnino
886 2161 929 2223 nil
949 2163 1095 2225 relictum
1110 2165 1152 2225 sit
1160 2184 1170 2239 ;
1194 2183 1255 2244 qna
1270 2166 1342 2226 ins-

139 2267 245 2327 stitnta
269 2272 301 2327 et
322 2264 473 2345 perducta
498 2270 595 2326 totum
619 2270 836 2327 testamentum
858 2265 1063 2341 rescinditur,
1087 2271 1119 2326 et
1140 2266 1178 2327 ab
1192 2268 1343 2330 intestato

140 2367 336 2429 successioni
358 2371 408 2428 est
430 2365 531 2427 locus.
574 2365 720 2445 Denique
742 2366 824 2426 actio
846 2365 886 2426 de
900 2364 1121 2427 donationibus
1135 2367 1254 2446 iniquis
1267 2385 1344 2429 res-

140 2466 304 2529 cindendis
326 2467 521 2542 conceditur,
546 2466 671 2548 quando
688 2466 776 2528 bisce
798 2465 972 2528 substantia
994 2465 1133 2528 defuncti
1157 2466 1261 2530 luerat
1279 2485 1344 2530 cx-

137 2568 298 2654 hausta4).

139 2750 206 2801 mn.
227 2749 298 2803 mn.
325 2753 375 2802 ne
394 2747 624 2802 recessimus
642 2745 960 2814 insumumonmns
976 2747 1049 2798 vnn
1067 2746 1344 2799 nxnnnnnnmo.

446 2838 552 2890 ninus
571 2833 980 2897 pamnnnrmonmnsoun
991 2831 1022 2900 ⁵).

181 2982 212 3060 ξ.
225 2978 298 3042 602.
342 2979 375 3042 st
399 2984 550 3039 testantes
576 2977 694 3039 liberos
715 2977 768 3038 vel
788 2982 937 3057 parentes
960 2976 1161 3055 relinquunt,
1184 2993 1248 3037 non
1268 2973 1342 3036 sal-

141 3077 217 3153 licit,
240 3079 608 3159 legitimam'portionem
629 3078 669 3138 iis
689 3076 758 3139 dari
779 3077 835 3139 sed
857 3094 919 3139 non
932 3076 1099 3139 observata
1112 3093 1222 3137 norma
1235 3093 1252 3135 a
1266 3073 1342 3135 lus-

139 3177 256 3239 tiniano
270 3179 302 3239 in
320 3176 410 3253 CXV,
434 3196 460 3240 c.
469 3178 500 3241 3.
523 3184 554 3239 et
567 3179 598 3241 4.
615 3179 712 3254 iussa,
735 3178 938 3241 nihilominus
953 3194 1061 3240 eorum
1075 3181 1261 3239 testamenta
1277 3192 1340 3237 non

140 3277 258 3340 valent.
301 3279 377 3341 Nam
400 3279 516 3341 debent
538 3281 586 3340 hae
608 3297 754 3359 persone
775 3281 827 3342 vel
842 3279 976 3342 heredes
995 3279 1117 3339 institui
1129 3276 1183 3339 vel
1198 3293 1241 3337 ex
1257 3275 1340 3338 iusta

139 3397 234 3443 causa
267 3382 446 3443 nominatim
479 3397 649 3460 expressa,
686 3380 874 3442 exheredari
906 3387 960 3442 aut
989 3378 1155 3459 preteriri.
1199 3376 1266 3438 llac
1299 3374 1340 3437 de

140 3500 233 3548 causa
256 3482 293 3544 ab
319 3482 482 3544 hodiernis
500 3479 629 3542 heredes
649 3481 818 3542 necessarii
840 3481 998 3548 dicuntur.
1030 3473 1033 3477 ’

184 3588 214 3667 §.
227 3584 299 3649 603.
344 3582 467 3645 Debent
488 3552 624 3643 heredes
646 3583 767 3642 institui
789 3583 889 3662 primo
912 3580 982 3642 loco
1004 3579 1107 3654 liberi,
1129 3577 1216 3639 nulla
1238 3593 1340 3656 neque

141 3701 238 3747 sexus
261 3701 365 3765 neque
387 3684 506 3767 gradus
529 3683 725 3759 differentia,
757 3680 850 3743 modo
870 3681 908 3743 ab
934 3681 1082 3762 intestato
1103 3677 1240 3741 heredes
1267 3692 1340 3739 esse

135 3839 333 3852 ...-.-----

175 3933 203 3999 1)
225 3934 254 3985 Ο.
273 3931 316 3984 32.
336 3932 379 3985 36.
399 3932 657 4000 pr.§.1.c.n.t
683 3931 750 3982 Nor.
770 3930 812 3982 18.
831 3948 855 3982 e.
874 3928 899 3982 3.

60 4056 68 4076 ,
174 4002 203 4070 2)
221 4006 284 4071 Arg.
302 4006 370 4057 Noa.
390 4003 450 4056 115.
472 4021 494 4054 e.
513 4004 538 4055 3.
556 4004 640 4055 initio.
683 4005 743 4054 lure
760 4003 882 4053 Romano
904 4002 984 4068 igitur
1008 4001 1088 4068 quari
1105 4015 1161 4050 non
1179 4004 1285 4066 potest,
1305 4014 1339 4049 an

138 4077 315 4129 hereditatem
337 4092 483 4144 agnoscere
502 4078 545 4126 vol
565 4075 709 4141 repudiare
730 4074 828 4125 debeat
844 4076 877 4137 is,
898 4075 943 4141 qni
955 4073 1102 4138 legitimam
1112 4072 1198 4138 petit,
1225 4072 1287 4123 Hoc
1305 4085 1339 4121 ex

138 4151 211 4285 md?
220 4148 347 4279 ἕξῃὲθΐξ.
366 4218 392 4270 6.
409 4219 441 4268 fr.
460 4213 502 4268 25.
521 4232 560 4280 pr.
582 4217 614 4265 fr.
633 4214 676 4267 30.
694 4213 737 4266 36.
764 4216 797 4266 D.
818 4215 844 4266 h.
864 4221 882 4266 t
905 4229 928 4264 e.
950 4212 992 4264 20.
1010 4230 1050 4280 pr.
1070 4212 1099 4263 G.
1117 4211 1144 4274 6,
1167 4212 1203 4265 20
1218 4210 1270 4278 (de
1285 4210 1337 4262 oul-

137 4291 206 4428 mdj
224 4290 357 4414 6031ῗὲ.ἒὲ
373 4289 571 4411 {hedilonis
590 4357 659 4407 noro
677 4357 723 4406 nv.
743 4371 830 4407 sermo
850 4356 899 4407 ern
918 4352 953 4422 (s.
975 4352 1175 4419 1137-1141).

174 4429 203 4495 5)
225 4433 291 4495 1.·2,
308 4432 343 4484 13
362 4429 486 4495 (tinnit).
507 4431 541 4479 D.
552 4427 595 4490 28,
616 4427 632 4480 2
653 4425 700 4493 (de
709 4428 800 4478 liberis
818 4431 844 4478 et
853 4427 1001 4492 posthumis
1012 4426 1156 4478 heredibus
1166 4418 1336 4487 instituend).

139 4503 206 4554 (lod.
224 4503 251 4566 6,
269 4502 312 4556 28.
332 4502 366 4555 29
385 4500 486 4568 (eidem
502 4496 591 4566 tituli).
612 4500 680 4550 Nor.
700 4495 760 4551 115.
779 4514 802 4550 o.
821 4497 847 4550 3.
862 4495 892 4549 4.
