2798 4972
111 301 163 356 186
440 313 645 354 srsrrrrrrons
663 312 738 354 mr·
756 314 861 353 amm
877 315 1000 356 unsre

109 441 323 524 preferuntur
344 462 385 507 ex
404 443 568 507 voluntate
587 448 751 508 testatoris
765 446 808 532 ¹),
831 447 1018 508 nonninus
1039 462 1078 506 ac
1098 442 1238 526 legitimi
1258 443 1322 506 66-

110 543 216 620 redes,
238 547 265 606 si
285 564 325 607 ex
346 546 430 607 linea
451 546 503 607 rel
517 565 557 608 ex
569 548 679 626 stirpe,
702 549 810 626 inqua
822 550 988 623 vocantur,
1007 545 1126 626 aliquis
1140 544 1319 629 dsieoit').

152 643 267 726 §.662
311 646 364 707 tus
384 645 591 708 adcrescendi
614 663 677 708 666
707 647 834 727 proiicit
857 647 923 710 illis
951 647 1145 723 heredibus,
1177 658 1321 726 quorum

110 746 214 825 portio
235 745 361 828 legibus
383 749 424 809 its
446 745 572 810 definita
594 752 653 824 est,
676 752 711 808 ut
731 749 845 830 augeri
865 764 927 811 666
947 750 1060 829 possit,
1080 745 1184 808 reiuti
1206 744 1322 807 videar

111 846 197 924 inopi
216 846 257 932 8).

128 1034 197 1086 utu.
222 1035 257 1086 V.
295 1031 430 1097 QUIBUS
449 1032 500 1084 EX
517 1031 645 1086 ctusm
667 1030 873 1086 nuuuomss
889 1031 1037 1085 Duum
1054 1028 1303 1101 ffl'l'l'l'l'Uffl).

151 1172 183 1250 ξ.
195 1166 268 1231 663.
311 1165 422 1227 Itelsta
441 1165 533 1228 nohis
555 1165 715 1227 hereditas
738 1165 877 1228 dirersis
896 1183 937 1229 ex
956 1168 1061 1229 causis
1081 1170 1191 1248 potest
1201 1167 1321 1242 amitti,

112 1270 155 1332 ita
175 1274 211 1329 ut
232 1267 338 1329 denuo
358 1270 481 1347 ampuiri
501 1273 649 1349 nequeat.
692 1268 787 1331 Facto
806 1269 935 1349 quidem
954 1275 1066 1332 nostro
1086 1268 1323 1331 amittiturhe-

109 1369 239 1447 reditas,
264 1373 292 1432 si
314 1367 479 1447 repudiata
501 1369 610 1444 tuerit,
631 1370 658 1431 si
680 1385 758 1431 suus
781 1370 878 1431 heres
899 1370 1108 1445 abstinuerit,
1129 1365 1184 1430 vel
1205 1369 1236 1430 si
1255 1367 1323 1429 bo-

111 1487 224 1532 norum
248 1469 410 1550 possessio
432 1469 513 1530 iutra
536 1473 650 1531 statuta
673 1475 813 1550 tempora
834 1472 950 1532 omissa
972 1471 1032 1532 sit:
1063 1467 1239 1548 inquibus
1262 1483 1324 1529 ca·-

110 1569 201 1632 sibus
223 1569 300 1655 (uisi
321 1588 390 1632 cum
411 1570 564 1633 bonorum
586 1572 749 1652 possessio
768 1589 809 1633 ex
822 1588 907 1634 noro
922 1570 1036 1634 ordine
1047 1571 1141 1633 nohis
1154 1565 1323 1652 defertur)

112 1671 229 1733 omissa
253 1670 414 1733 hereditas
438 1688 564 1752 semper
585 1673 697 1733 amissa
721 1678 789 1748 est,
817 1688 924 1752 neque
946 1670 1120 1734 uoluntatis
1142 1670 1325 1732 mutatione

110 1778 217 1855 potest
238 1775 422 1853 recuperari
435 1772 476 1858 ὅ).
520 1771 596 1833 item
619 1773 770 1834 amittitur
791 1772 951 1835 hereditas
973 1773 1015 1847 ei,
1035 1772 1091 1851 qui
1113 1775 1226 1832 contra
1249 1768 1323 1831 eius

112 1876 352 1953 acquisitionem
372 1890 413 1934 ex
432 1873 513 1934 iusta
535 1888 629 1933 causa
650 1872 683 1932 in
704 1872 864 1954 integrum
883 1872 1075 1947 restituitur,
1098 1870 1201 1932 veluti
1213 1870 1323 1932 minor

112 1997 169 2038 xxv
188 1975 290 2050 annis,
314 1972 367 2036 rel
389 1973 496 2052 quivi
518 1977 646 2033 motuve
667 1971 779 2052 pulsus
801 1972 932 2034 adierat.
976 1970 1147 2051 ttspudiari
1168 1987 1252 2033 voro
1267 1974 1324 2032 aut

112 2075 213 2138 omitti
235 2072 394 2134 hereditas
416 2088 479 2133 nou
503 2075 619 2152 potest,
642 2072 705 2132 uisi
724 2071 762 2132 ab
785 2088 836 2148 eo,
860 2073 911 2132 cui
935 2088 1002 2132 eam
1025 2069 1116 2132 adire
1137 2070 1235 2146 iicet;
1261 2087 1325 2133 uec

112 2177 175 2238 nisi
196 2173 309 2236 iisdem
329 2170 573 2248 conditionibus,
597 2170 657 2232 suh
670 2171 784 2251 quihus
801 2170 898 2235 aditio
909 2170 978 2233 tieri
991 2176 1108 2252 potest,
1131 2173 1204 2234 eius
1217 2173 1324 2234 omis-

111 2279 162 2340 sio
182 2280 249 2337 rata
272 2273 417 2336 hahetur.

154 2379 186 2460 ξ.
198 2375 271 2438 664.
314 2372 476 2435 Amittitur
500 2387 628 2451 quoque
648 2370 808 2433 hereditas
831 2370 879 2447 ei,
909 2373 1058 2451 quiante
1081 2372 1152 2434 eius
1171 2370 1324 2452 acquisi-

112 2480 230 2540 tionem
252 2473 421 2537 deiuuetus
439 2475 499 2547 est,
521 2487 591 2531 nam
612 2469 749 2531 nondum
769 2471 924 2550 acquisita
946 2471 1107 2535 hereditas
1120 2471 1161 2534 ad
1177 2472 1324 2536 heredes

112 2592 175 2641 non
199 2573 422 2636 transmittitur
431 2571 471 2656 ⁶),
493 2586 563 2649 que
584 2568 696 2652 regula
718 2571 751 2630 in
770 2571 838 2630 suis
858 2571 1040 2649 heredibus,
1065 2591 1137 2636 cum
1158 2576 1233 2654 ipso
1249 2576 1324 2636 iure

114 2677 279 2757 acquirant
305 2672 530 2745 hereditatem,
563 2671 666 2732 locum
694 2671 885 2746 nonhabet.
929 2673 989 2734 Per
1010 2675 1191 2754 principum
1212 2678 1324 2736 tamen

113 2775 354 2840 constitutiones
368 2769 598 2851 inquibusdam
620 2771 746 2832 casibus
769 2771 938 2833 heredibus
961 2772 1117 2848 defuncti,
1143 2774 1197 2835 cui
1219 2773 1325 2836 here-

114 2877 196 2940 ditas
218 2873 319 2935 delata
341 2877 419 2947 erat,
441 2871 652 2950 prospicitur:
677 2876 711 2930 ut
733 2871 802 2932 eius
823 2874 1022 2936 transmissio
1042 2873 1149 2937 iocum
1170 2875 1302 2941 haheat.

156 2973 354 3036 Theodosius
374 2970 545 3049 Imperator
564 2971 690 3046 statuit,
711 2977 763 3048 ut,
784 2974 812 3034 si
837 2980 986 3054 parentes
1007 2977 1041 3037 iu
1060 2981 1256 3041 testamento
1279 2976 1327 3040 li-

115 3077 211 3138 66666
233 3089 309 3134 suos
331 3070 467 3132 heredes
490 3071 705 3149 scripsissent,
729 3073 812 3134 ethi
834 3081 908 3135 ante
926 3082 1051 3157 apertas
1063 3077 1189 3140 tubulas
1201 3077 1326 3142 deess-

115 3177 244 3248 sissent,
268 3189 376 3234 eorum
400 3170 491 3233 liberi
512 3189 570 3251 pro
591 3173 629 3234 iis
651 3172 782 3234 delatam
805 3176 988 3254 parentibus
1010 3179 1079 3238 suis
1099 3183 1326 3257 6661666666-

114 3277 222 3355 cipere
241 3277 381 3353 possent.
426 3270 499 3332 666
520 3272 711 3333 transmissio
738 3272 950 3336 Theodosiana
970 3281 1106 3340 vocatur
1120 3279 1160 3369 7).

157 3380 189 3458 ᾖ.
200 3373 273 3441 665.
317 3373 365 3435 Ex
385 3374 446 3436 alia
469 3375 638 3438 Theodosii
662 3381 694 3437 et
715 3374 925 3441 Valentiniani
948 3380 1178 3444 constitutione
1200 3400 1325 3463 paren-

115 3475 201 3539 tibus
230 3473 456 3552 hereditatem,
486 3476 598 3537 tiheris
627 3478 694 3538 suis
716 3476 886 3539 infantibus
913 3478 1068 3558 delatum,
1100 3483 1152 3544 his
1174 3485 1325 3564 mortuis,

117 3576 180 3638 sibi
202 3575 281 3654 ipsis
301 3577 468 3654 acquirere
490 3592 586 3657 posse
607 3592 793 3638 concessum
815 3583 881 3652 est3
907 3594 979 3658 quse
997 3581 1195 3646 amaseam
1210 3599 1254 3646 66
1269 3597 1327 3647 trat-¹

115 3675 181 3755 pite
202 3674 343 3752 infantie
363 3675 526 3760 61611668).

152 3897 180 3962 1)
195 3901 239 3952 ur.
257 3900 300 3955 20.
317 3903 340 3963 ᾖ.
363 3903 388 3956 2.
404 3904 436 3954 fr.
454 3901 504 3957 59..
515 3901 540 3962 §-
558 3901 584 3955 3.
602 3905 636 3955 D.
654 3901 698 3967 28,
716 3900 733 3954 5
752 3899 801 3970 (tic
822 3899 889 3968 ott).
908 3920 931 3956 o.
951 3920 996 3958 uu.
1017 3905 1040 3968 §-
1060 3904 1105 3960 10.
1123 3910 1155 3963 0.
1176 3913 1222 3964 cii.

151 3968 182 4037 2)
199 3972 243 4023 Fr.
263 3972 305 4024 12.
323 3991 362 4042 pr.
391 3974 425 4024 D.
443 3971 488 4036 37,
507 3972 592 4040 4166
610 3978 672 4028 hon.
690 3989 761 4042 poss.
780 3983 874 4028 contra
891 3971 970 4042 sah).
986 3979 1020 4031 ir.
1040 3978 1066 4032 1.
1084 3981 1109 4042 5.
1129 3981 1174 4035 12.
1194 3986 1230 4037 Ι).
1248 3982 1328 4050 37,8

118 4040 165 4111 (66
183 4044 308 4111 coniung.
330 4061 390 4097 oum
408 4040 532 4109 emano).
1175 4100 1178 4104 ,

150 4111 179 4178 3)
199 4115 268 4166 Nor.
283 4115 325 4168 53.
345 4133 369 4167 6.
386 4113 411 4166 6.
431 4117 500 4167 Nor.
518 4113 579 4168 115.
599 4130 622 4166 o.
641 4112 666 4165 6

149 4182 179 4249 4)
199 4189 233 4237 D.
252 4184 573 4254 29,2(o0aoquir.v01
592 4187 674 4237 omitt.
697 4180 811 4248 66666.)

200 4256 223 4315 6.
241 4254 266 4308 7.
285 4259 307 4308 Ι.
327 4256 406 4320 2,19
426 4255 473 4321 (ds
494 4257 587 4308 hored.
607 4257 679 4323 qual.
699 4260 726 4305 st
745 4254 821 4322 dim).
844 4257 903 4309 aar.
922 4257 948 4310 2.
965 4257 989 4320 5.
1011 4258 1072 4315 169.
1092 4262 1156 4332 Ulp.
1176 4266 1267 4320 ΧΧΠ.
1285 4265 1327 4321 29.

200 4327 230 4380 0.
247 4324 274 4379 7.
293 4328 322 4380 Q
341 4324 419 4391 5,’30
438 4326 560 4392 (661666
579 4322 767 4390 deliberandi).

222 4435 229 4448 .
314 4400 344 4451 0.
354 4399 380 4460 6,
401 4396 435 4450 52
454 4395 501 4463 (66
520 4399 562 4450 hia
580 4400 625 4465 qut
643 4402 711 4449 ante.
721 4401 828 4464 apertas
846 4400 955 4452 tabntm
964 4401 1144 4458 6666666166
1161 4404 1326 4475 emmim).

222 4505 229 4520 .
248 4465 291 4522 18.
309 4469 333 4530 §-
352 4469 378 4522 1.
397 4469 427 4522 0.
444 4468 471 4535 6,
487 4467 523 4523 60
541 4467 589 4536 (66
604 4471 663 4523 iurs
682 4466 871 4534 uehementi).
