2804 4966
456 317 539 359 ωιι
557 319 589 358 ιι.
607 318 674 358 reu
695 319 727 360 ιι.
746 318 805 362 ιιι.
824 318 851 360 r.
1206 310 1257 367 191

46 445 115 508 bet
137 447 235 509 cernis
255 443 407 510 delibutio
427 447 623 527 hereditatis,
645 468 708 531 que
718 455 851 513 testator
864 467 905 511 ex
918 466 958 512 ec
977 448 1062 529 quod
1075 449 1260 511 universum

41 544 187 611 heredis
212 546 307 623 leret,
330 546 424 610 elicui
447 548 566 629 aliquid
587 549 734 612 collatum
757 550 875 636 vultll.

88 643 135 711 Iu
155 662 197 710 eo
215 645 317 729 igitur
339 645 476 729 legatum
499 648 537 711 eb
561 649 688 712 heredis
710 649 907 712 institutione
923 647 1039 724 differt,
1063 649 1146 728 quod
1165 648 1260 732 legu-

39 745 163 809 tarius
181 747 308 809 nonnisi
330 747 363 810 in
385 765 452 810 rem
473 749 631 831 singulum
653 749 807 826 succedit,
829 766 899 812 curn
922 750 1015 812 heres
1036 751 1115 812 iuris
1127 766 1260 812 succes-

39 848 191 923 torsit,
214 852 246 908 et
267 864 434 928 personam
458 849 598 912 defuncti
621 852 784 912 sustinent.

90 948 133 1029 §-
146 945 220 1011 618.
263 948 389 1033 begere
402 957 536 1032 pessunt
550 969 670 1029 omnes,
693 953 809 1031 quibus
827 953 937 1014 testari
955 951 1142 1032 permissum
1156 947 1258 1033 est²):

40 1051 80 1110 et
119 1053 208 1112 recte
237 1048 366 1132 legatur
387 1052 447 1128 lis,
478 1051 593 1131 quibus
617 1051 891 1114 testamentilectic
921 1056 971 1113 est
1001 1068 1071 1113 curn
1096 1055 1259 1124 testatore,

42 1149 63 1210 i.
99 1167 135 1210 e.
165 1151 221 1229 cui
251 1168 293 1213 ex
322 1152 392 1215 eius
425 1157 612 1215 testamento
642 1152 761 1232 aliquid
791 1170 905 1232 capere
933 1151 984 1214 vel
1013 1150 1068 1214 elii
1095 1151 1261 1231 acquirere

43 1256 192 1330 possunt
204 1253 247 1340 ⁸).
291 1251 443 1316 Omnibus
466 1255 577 1337 igitur,
599 1255 735 1335 quince
757 1253 893 1317 beredes
917 1271 989 1315 esse
1012 1257 1161 1333 possunt,
1184 1252 1260 1313 inu-

47 1348 160 1415 tiliter
181 1352 289 1435 legate
309 1353 543 1434 relinquuntur.
579 1354 701 1417 ldcircc
721 1355 795 1418 clim
818 1373 877 1417 nec
897 1354 1028 1416 incertis
1041 1352 1186 1432 personis
1199 1368 1260 1413 ve-

49 1449 117 1513 luti
137 1453 331 1530 civitatibus,
353 1471 412 1516 nec
436 1454 602 1535 posthumo
624 1454 728 1518 alieno
754 1459 842 1517 recte
861 1454 1039 1537 legebatur.
1083 1453 1261 1516 Novissime
1373 1529 1377 1537 Ι

54 1558 192 1617 eetenue
217 1555 265 1619 eis
287 1554 392 1638 legate
414 1555 535 1619 utiliter
554 1555 790 1635 relinquuntur,
814 1561 970 1636 quatenus
992 1561 1024 1617 et
1040 1572 1110 1617 esse
1125 1554 1260 1617 heredes

56 1661 204 1734 pessunt,
228 1662 262 1719 et
284 1673 364 1736 quoe
387 1661 509 1720 constet
531 1658 685 1720 inanimo
707 1658 856 1720 babuisse
876 1663 1059 1720 testatorem
1071 1657 1111 1744 ⁴).

101 1758 133 1839 ἓ.
146 1757 220 1825 679.
262 1756 333 1822 Non
361 1758 463 1822 sclurn
491 1758 531 1821 eb
563 1758 683 1820 herede
716 1760 857 1843 legatum
880 1758 1021 1838 relinqui
1051 1761 1175 1838 potest,
1205 1754 1261 1817 sed

62 1857 153 1920 etium
175 1858 214 1921 eb
236 1857 301 1921 elic
321 1874 523 1940 quecunque,
544 1860 583 1921 ed
604 1877 697 1940 quem
718 1859 837 1940 aliquid
857 1863 1083 1939 perventurum
1098 1862 1149 1919 est
1161 1860 1262 1918 morte

64 1957 217 2036 testantis,
241 1957 294 2022 vel
316 1959 389 2022 dum
411 1960 442 2022 ei
464 1959 555 2022 detur
578 1961 630 2023 vel
652 1960 725 2023 dum
745 1978 806 2023 non
827 1959 1023 2044 adimiturt).
1067 1957 1129 2020 Sed
1146 1956 1262 2018 obser-

65 2059 198 2123 vandum
223 2065 292 2123 est:
316 2079 356 2125 ne
379 2063 419 2137 is,
442 2063 496 2141 qui
519 2062 614 2124 beree
635 2080 697 2125 non
717 2067 776 2138 est,
798 2062 870 2143 plue
892 2066 1025 2144 rogetur
1047 2058 1142 2121 elicui
1163 2056 1263 2118 resti-

65 2157 164 2238 tuere,
189 2167 281 2243 quarn
305 2162 373 2242 ipse
396 2181 413 2225 e
436 2161 584 2226 defuncto
607 2165 741 2245 accepit,
764 2181 833 2225 nem
858 2163 942 2243 quod
959 2161 1092 2241 emplius
1105 2165 1164 2234 est,
1186 2158 1262 2219 inu-

63 2255 160 2325 tittter
181 2261 374 2342 relinquitur
383 2262 423 2348 ⁶).
467 2262 543 2325 lnde
565 2262 712 2325 hodierni
734 2263 879 2325 tradunt:
903 2261 1033 2342 αΙίᾳιιιιιι
1051 2278 1114 2321 nce
1134 2256 1263 2337 plurie-

60 2362 139 2434 cres
158 2363 288 2425 οισιαιι·
307 2379 412 2442 petre,
434 2377 525 2442 puers
546 2361 720 2425 lcemutcr
740 2365 791 2426 sit.

103 2466 134 2546 9.
147 2463 221 2530 680.
263 2463 381 2529 Heredi
404 2483 422 2526 e
445 2468 545 2527 semet
563 2465 633 2546 ipsc
657 2464 796 2548 leg-atum
818 2463 885 2526 deri
906 2480 969 2525 non
990 2465 1105 2542 potest,
1129 2457 1262 2521 ecche-

60 2561 134 2627 rece
164 2570 270 2645 polest
281 2564 331 2653 lle
362 2566 517 2630 eiusmodi
538 2567 676 2648 legatum
707 2567 728 2628 i.
752 2584 781 2627 e.
804 2583 862 2647 per
897 2565 1159 2647 preceptionem,
1192 2561 1261 2621 sire

61 2665 266 2749 pretegctcm
288 2667 322 2729 iu
346 2665 476 2730 benedis
499 2685 635 2748 persone
661 2684 724 2729 ncn
746 2665 892 2728 subsistit
912 2682 970 2746 pro
997 2669 1104 2753 perte,
1139 2677 1261 2740 exque

64 2757 157 2829 teres
179 2748 239 2830 el.
284 2765 373 2830 nnuc
393 2767 424 2831 si
443 2767 531 2830 nerto
553 2768 596 2830 na
618 2766 758 2850 legatum
780 2767 894 2829 suern:
921 2764 1057 2845 queque
1078 2763 1152 2825 est
1174 2762 1263 2823 lere

64 2861 122 2925 m't
140 2863 271 2931 ἄσαισι
290 2872 369 2941 estc,
389 2866 477 2931 neec
495 2866 602 2929 terete·
622 2866 726 2929 decern
747 2866 840 2943 derc;
865 2866 1000 2929 deducte
1021 2883 1077 2929 suu
1099 2861 1262 2946 perteAt-

66 2960 126 3031 lius
147 2967 259 3033 decen
279 2967 415 3050 petest).
460 2967 522 3032 Sed
545 2969 573 3031 si
594 2968 717 3032 duobus
738 2969 781 3031 sit
801 2985 853 3031 res
872 2967 996 3050 lugete,
1026 2981 1159 3047 quorum
1181 2964 1263 3027 ulter

65 3074 259 3099 8——

95 3134 123 3209 1)
142 3137 184 3189 Ite
201 3138 372 3193 Florentium
389 3137 418 3189 in
434 3140 466 3191 ir.
485 3136 545 3191 116.
563 3155 602 3206 pr.
620 3141 654 3191 D.
673 3140 709 3194 30
727 3139 775 3208 (de
794 3141 877 3205 leget.
896 3135 939 3203 Ι.).
974 3135 1133 3189 Brevissime
1153 3134 1261 3187 delinie-

67 3204 110 3258 tur
124 3210 259 3275 tegetum
278 3209 427 3263 liberaliter
445 3209 485 3260 rel
502 3210 643 3276 singularis
662 3229 679 3264 e
697 3217 823 3265 testatore
840 3210 869 3261 in
891 3209 1008 3277 aliquem
1026 3208 1134 3260 collate.

95 3277 124 3347 2)
142 3280 185 3332 ln.
204 3281 230 3334 2.
249 3283 284 3334 D.
303 3278 339 3334 30
358 3279 505 3349 (deleget.
526 3279 569 3347 Ι.).

95 3346 123 3418 3)
140 3349 164 3412 6.
180 3349 224 3404 24.
249 3352 316 3404 th.
333 3356 351 3402 t.
377 3351 401 3412 §-
421 3348 447 3401 4.
468 3349 595 3414 1.2,19.
621 3354 653 3403 fr.
675 3349 717 3404 55.
743 3349 767 3410 §-
791 3349 815 3402 1.
833 3353 866 3409 D.
885 3349 917 3402 31
945 3346 991 3415 (de
1015 3349 1096 3415 leget.
1117 3343 1173 3411 11.).
1210 3345 1264 3396 Ali-

66 3425 150 3474 uene
166 3428 265 3486 umen,
283 3428 309 3475 et
327 3424 359 3476 iis
377 3421 477 3474 utiliter
494 3424 686 3491 relinquuntur,
703 3423 799 3491 quibus
808 3423 889 3488 rulgc
909 3435 1005 3486 cepere
1020 3419 1159 3471 nonlicet.
1177 3419 1208 3467 fr.
1218 3416 1261 3469 11.

66 3481 96 3608 ἓ·
113 3491 157 3617 {3¹
174 3494 188 3546 l
208 3493 262 3617 (ᾗ
276 3495 350 3630 δέῑῠῖ.
370 3492 476 3562 lecet).
510 3495 579 3631 ltprn·
595 3496 719 3551 omnibus
737 3495 856 3561 collegiis
874 3509 928 3545 non
945 3490 1042 3545 illicitis
1063 3489 1149 3556 legari
1164 3491 1259 3554 petest.

91 3597 98 3610 ·
148 3601 155 3616 .
172 3567 207 3618 D.
264 3599 272 3629 ,
339 3565 374 3618 de
393 3565 449 3616 reb.
469 3565 555 3619 dub..
982 3608 984 3612 .

98 3630 125 3702 4)
142 3637 253 3691 Plenius
271 3638 331 3691 hec
348 3637 518 3703 explicentur
538 3634 724 3697 16625-28.
744 3637 765 3686 Ι.
773 3636 799 3686 h.
809 3639 829 3686 1.
851 3637 877 3689 et
888 3631 962 3699 epud
975 3631 1034 3683 Gai.
1042 3630 1068 3693 2,
1077 3628 1100 3689 6.
1108 3626 1260 3683 ree-242.

70 3691 121 3758 781.
154 3709 266 3761 Perdite
285 3713 327 3761 est
343 3707 482 3760 Iustiniani
501 3709 651 3761 constitutio
671 3708 707 3758 de
729 3707 835 3758 incertis
853 3704 989 3772 personia
1012 3703 1126 3771 ideoque
1148 3702 1261 3755 multum

74 3767 101 3826 de
114 3779 166 3832 bec
183 3781 248 3832 loco
270 3779 427 3847 disputetur.
464 3797 489 3832 e.
513 3780 662 3846 Varrqerorc
681 3779 704 3839 ἓ.
722 3777 784 3831 419.

101 3844 125 3914 b)
144 3849 168 3913 6.
189 3849 216 3903 1.
233 3852 255 3903 Ι.
273 3849 300 3915 2,
317 3849 354 3908 24
379 3849 426 3918 (de
444 3851 511 3919 sing.
529 3854 585 3904 reb.
603 3866 651 3917 per
667 3851 756 3902 fideic.
774 3844 845 3914 rel).
867 3848 899 3899 fr.
919 3843 943 3897 1.
961 3844 985 3904 §-
1004 3844 1030 3897 6.
1047 3845 1082 3896 D.
1100 3842 1134 3897 31
1156 3842 1203 3912 (de
1221 3845 1259 3895 le-

75 3922 115 3979 111
131 3918 189 3988 11).
223 3922 289 3975 Vid.
305 3923 351 3977 ius
364 3923 503 3991 antiquum
521 3923 597 3990 apud
615 3923 679 3990 Ulp.
696 3921 794 3974 xxvi.
814 3925 842 3974 ct
861 3917 921 3970 eci.
940 3917 966 3970 2.
984 3914 1008 3975 ἓ.
1026 3915 1087 3971 261.
1123 3918 1147 3967 Δ
1165 3916 1261 3984 quibus

74 3985 340 4047 ttdecmmtsserelin
356 3994 503 4061 riporum,
520 3995 635 4046 truditur
652 3995 681 4044 in
698 3996 730 4044 fr.
739 3989 783 4044 77.
796 4010 835 4060 pr.
853 3992 885 4043 fr.
896 3990 922 4043 2.
940 3987 996 4048 62.
1016 3991 1049 4040 fr.
1058 3985 1102 4039 93.
1113 3984 1156 4039 94.
1174 3983 1260 4038 bet).

76 4055 110 4123 (41
125 4066 208 4133 leget.
227 4011 385 4131 111167.
404 4064 428 4125 5.
447 4063 473 4117 3.
491 4066 525 4116 D.
544 4063 579 4117 32
600 4064 648 4132 (de
666 4066 719 4130 leg.
737 4061 794 4128 11.).
814 4080 837 4115 c.
856 4059 900 4114 24.
919 4060 949 4113 0.
968 4059 994 4123 6,
1012 4056 1046 4113 37
1064 4055 1103 4122 (h.
1121 4055 1162 4123 1.).

12 4200 16 4209 .
97 4128 124 4200 t)
142 4136 168 4199 ι.
186 4135 252 4191 1.1.
270 4133 297 4199 e,
314 4134 358 4191 24.
378 4137 422 4189 nt
442 4138 475 4188 rr.
495 4134 538 4191 94.
557 4136 579 4196 s.
597 4134 623 4189 e.
641 4138 674 4188 n.
694 4134 730 4188 30
748 4134 796 4202 (ce
814 4137 867 4201 reg.
886 4131 929 4197 n).
949 4149 972 4183 ο.
992 4129 1035 4183 16.
1054 4130 1082 4181 c.
1102 4127 1134 4190 c,
1154 4125 1189 4214 ec
1208 4124 1259 4189 (ac

12 4214 14 4235 ¹
69 4203 109 4276 leg.
125 4204 223 4274 Pele).
260 4206 331 4261 Vide
350 4213 442 4261 temen
460 4209 612 4276 exemplum
627 4207 825 4262 fideicommissi
842 4221 860 4257 u
879 4205 1029 4271 Papiniano
1047 4201 1162 4253 relatum
1179 4215 1207 4251 ιιι
1225 4200 1258 4251 u.

68 4275 101 4334 7⁰.
119 4279 143 4344 5.
163 4278 188 4331 1.
207 4281 241 4331 D.
259 4277 293 4333 31
314 4275 361 4343 (de
376 4279 429 4346 leg.
447 4276 502 4345 11.).

93 4349 110 4404 7
138 4352 184 4404 Fr.
204 4348 264 4404 116.
282 4347 306 4410 6.
324 4349 349 4403 1.
365 4351 400 4402 D.
418 4347 462 4402 30.
1223 4370 1232 4391 l

91 4420 109 4477 8
141 4423 241 4477 Iuliani
263 4421 347 4474 verbe
369 4423 398 4474 in
414 4422 446 4472 fr.
466 4417 528 4475 104.
553 4417 624 4481 66.
642 4420 676 4472 D.
695 4416 739 4471 30.
764 4417 817 4470 err.
837 4424 864 4473 et
880 4421 912 4473 ir.
930 4415 973 4472 18.
998 4417 1031 4468 fr.
1050 4410 1095 4467 34.
1118 4408 1143 4473 §-
1160 4409 1204 4465 11.
1224 4409 1259 4461 D.

58 4494 118 4555 edd.
157 4494 231 4549 Item
243 4493 280 4549 fr.
292 4493 315 4547 1.
332 4490 357 4556 6.
376 4490 402 4549 6.
419 4493 453 4546 D.
470 4488 516 4556 43,
535 4489 553 4546 e
572 4487 658 4559 (quod
677 4485 812 4558 legstcrd.
