2804 4966
491 286 571 325 11111
590 286 622 325 ιι.
641 286 710 325 rans
728 287 748 326 1.
769 287 829 327 aar.
850 288 877 325 r.
1235 281 1286 337 131

84 414 138 473 est
165 413 217 493 ei,
247 414 311 479 uisi
337 413 465 495 quaudo
491 416 608 499 pignus
638 436 655 479 a
683 419 870 500 magistratu
895 416 1023 499 publice
1052 418 1238 484 distrahitur
1249 425 1289 509 ¹).

84 511 217 576 Publica
240 518 343 577 tamen
362 512 526 580 distractio
547 523 703 598 precepta
725 534 787 581 non
811 523 878 594 ost,
911 519 971 581 nisi
995 521 1026 582 in
1047 521 1235 604 pignoribus
1257 524 1290 586 in

36 628 49 643 ’
84 629 182 676 causa
207 613 336 678 iudicati
357 617 457 697 captis
469 615 511 703 ²).

128 714 161 797 ἕ.
171 710 248 779 461.
291 712 442 779 Distracti
463 717 525 781 rite
546 716 691 801 pignoris
716 716 884 780 dominium
907 719 1017 783 emtori
1042 722 1290 802 acquiritureo-

87 811 160 877 dem
182 814 265 894 iure,
288 833 351 899 quo
374 814 457 899 apud
480 814 655 881 debitorem
677 816 747 894 luit,
772 819 826 898 qui
850 822 881 879 ct
901 819 969 900 ipse
985 838 1044 901 pro
1058 823 1107 883 rei
1131 824 1289 887 evictione

84 919 235 991 tenetur,
265 933 325 978 nec
348 915 440 980 luere
463 936 530 980 earu
555 919 658 999 pretio
680 916 784 981 oblato
807 923 913 998 potest
925 920 966 1005 ³).
1010 919 1101 994 Quod
1125 924 1153 985 si
1175 920 1248 1004 plus
1271 945 1289 989 e

83 1014 191 1094 pretio
204 1032 263 1096 pro
283 1034 320 1079 re
341 1015 490 1081 distracta
516 1022 707 1081 consecutus
721 1019 763 1081 sit
781 1017 931 1095 creditor,
955 1037 1046 1099 quam
1062 1022 1090 1084 ei
1105 1021 1289 1104 debebatur,

81 1116 280 1199 superfluum
304 1118 389 1198 quod
414 1118 552 1182 debitum
574 1119 717 1196 excedit,
746 1117 882 1183 debitori
906 1120 1077 1183 restituere
1101 1126 1286 1200 tenetur3a

81 1233 148 1301 quo
170 1223 287 1296 tamen,
308 1219 337 1280 si
359 1219 462 1282 minus
477 1219 647 1302 receperit,
669 1218 700 1282 id
716 1220 800 1300 quod
815 1219 914 1298 abest,
936 1221 967 1283 in
981 1239 1147 1303 personam
1163 1226 1287 1288 actione

80 1319 237 1401 persequi
256 1324 363 1401 potest
374 1318 416 1406 ⁴).

124 1422 156 1503 ς.
166 1418 242 1485 462.
287 1420 320 1485 Si
338 1418 479 1483 creditor
501 1419 532 1482 in
554 1421 689 1503 pignore
711 1418 877 1485 alienando
899 1421 1016 1484 iniuste
1038 1428 1106 1484 erat
1128 1428 1286 1503 versatus,

83 1519 250 1583 distractio
273 1520 395 1584 inutilis
425 1525 493 1598 est,
527 1538 644 1602 resque
674 1542 691 1585 a
721 1518 909 1604 possessore
939 1521 1066 1585 avocari
1091 1524 1225 1603 poterit,
1259 1522 1287 1587 sl

79 1619 210 1702 quidem
238 1620 308 1683 sine
336 1621 407 1683 iure
433 1622 551 1705 pignus
574 1621 760 1686 vendiderat
782 1621 919 1685 creditor
928 1640 938 1698 3
968 1621 1082 1703 quodsi
1104 1622 1186 1686 enim
1216 1625 1286 1685 iure

80 1719 287 1801 distraxerat,
309 1740 369 1785 uec
390 1727 493 1787 tamen
513 1722 595 1787 bona
616 1718 689 1802 lide,
713 1741 766 1787 ros
788 1724 890 1807 repeti
911 1741 929 1785 e
952 1722 1064 1806 regula
1086 1741 1148 1786 nou
1169 1726 1284 1805 potest,

79 1820 139 1887 sed
165 1821 207 1884 de
232 1821 344 1885 damno
363 1823 569 1887 resarciendo
591 1824 731 1888 creditor
752 1823 886 1887 debitori
908 1829 1034 1886 tenetur
1046 1823 1087 1907 ⁸).

122 1922 154 2004 §-
168 1920 245 1987 463.
289 1920 420 1996 Quoties
442 1921 599 2002 creditor,
634 1926 751 2009 pignus
782 1925 1007 1999 distracturus,
1042 1929 1193 1988 amtorem
1221 1941 1284 1987 nou

79 2022 225 2100 invenit,
255 2025 303 2089 rei
333 2023 501 2091 dominium
533 2042 573 2091 ex
594 2026 745 2106 principis
773 2027 929 2107 rescripto
960 2026 1079 2104 poterit
1106 2025 1285 2106 impetrare,

79 2121 237 2205 legitimis
266 2123 509 2189 solennitatibus
533 2125 721 2188 observatis.
764 2124 852 2189 Nova
885 2127 965 2188 enim
995 2125 1130 2187 debitori
1158 2112 1284 2187 denun-

80 2220 178 2286 ciatio
201 2224 369 2288 solutionis
392 2227 493 2309 gratia
517 2224 584 2289 lieri
608 2223 712 2302 debet,
736 2231 768 2288 et
790 2226 883 2289 buius
906 2225 1057 2288 faciendae
1079 2231 1200 2307 tempus
1224 2224 1284 2288 de-

80 2320 226 2407 signari,
254 2340 319 2406 quo
344 2326 471 2409 elapso,
492 2326 520 2391 si
542 2332 650 2393 secuta
673 2344 736 2390 uon
759 2327 810 2404 sit,
834 2325 974 2389 creditor
992 2324 1134 2389 libellum
1155 2324 1283 2388 dominii

78 2425 273 2507 impetrandi
295 2444 389 2490 causa
412 2428 547 2510 principi
571 2432 675 2512 potest
694 2429 880 2511 porrigere,
914 2433 946 2490 et
971 2445 1011 2489 ex
1033 2428 1102 2489 eius
1124 2427 1283 2507 rescripto

77 2545 149 2590 reru
172 2526 235 2591 sibl
253 2526 382 2592 babere.
427 2526 510 2592 lutra
539 2530 699 2592 biennium
731 2535 834 2592 tamen
862 2547 900 2591 eo
928 2526 1114 2609 impetrato,
1147 2525 1283 2588 debitori

76 2646 148 2691 rem
172 2627 395 2711 recuperandi,
419 2628 524 2692 oblato
547 2629 665 2706 debito,
688 2628 819 2692 facultas
846 2626 982 2710 adest⁶).

124 2730 156 2813 ξ.
167 2726 243 2795 464.
286 2726 444 2793 Prohibita
475 2732 578 2793 autem
610 2729 647 2792 in
673 2710 861 2812 pignoribus
894 2733 942 2791 est
973 2727 1026 2790 lex
1056 2722 1281 2802 commissalia,

77 2832 111 2894 11.
136 2851 168 2896 e.
193 2849 229 2894 ea
252 2832 335 2893 inter
358 2831 547 2894 creditorem
571 2837 603 2892 et
626 2831 800 2894 debitorem
825 2830 1011 2905 conventio,
1042 2845 1103 2909 qua
1123 2829 1283 2904 statuitur,

76 2934 116 2993 ut
137 2926 246 2993 debito
269 2930 350 2992 iutra
373 2929 532 2993 delinitum
554 2935 676 3012 tempus
699 2948 760 2992 non
782 2930 899 3008 soluto,
926 2947 979 2992 res
1002 2926 1139 3011 obligata
1163 2943 1282 3009 proco

77 3025 233 3093 creditori
256 3031 410 3113 acquisita
434 3031 476 3093 sit
490 3030 530 3119 ²).

121 3128 240 3215 8465.
284 3128 430 3195 ceterum
453 3130 601 3209 creditor,
627 3133 681 3213 qui
704 3133 820 3215 pignus
835 3129 987 3212 possidet,
1012 3130 1102 3193 etiam
1120 3132 1159 3196 ob
1174 3130 1280 3194 abiro-

75 3228 285 3311 prupltorinsn
307 3232 486 3312 pecuniam,
517 3232 555 3295 ab
584 3232 695 3296 eodem
719 3232 863 3296 debitore
893 3232 923 3294 ei
952 3229 1108 3309 debitam,
1138 3232 1278 3295 retinere

76 3333 198 3419 pignus
219 3336 344 3415 potest,
376 3332 481 3397 soluto
504 3337 596 3398 otiam
616 3335 843 3417 hypothecario
864 3332 984 3410 debito,
1016 3330 1111 3414 idque
1134 3350 1174 3396 ex
1195 3332 1279 3395 Gor-

78 3430 169 3496 dianl
191 3430 395 3514 lmperatoris
418 3437 642 3500 constitutione
653 3435 692 3524 ⁸).

114 3593 145 3663 1)
166 3592 524 3662 (1116611111

113 3665 141 3732 2)
162 3665 193 3718 0
211 3665 237 3720 2.
257 3667 287 3720 0.
305 3666 483 3736 8,23(11111
501 3685 586 3722 causa
601 3668 713 3721 iudicati
731 3670 825 3738 pignus
843 3674 951 3736 captum
969 3666 1023 3734 ait).

111 3734 141 3802 8)
160 3737 205 3788 Fr.
222 3734 267 3792 46.
285 3740 320 3790 D.
336 3737 381 3803 41,
399 3739 483 3808 2(61
501 3742 602 3810 acquir.
618 3757 668 3793 rer
687 3689 824 3806 dominio).
867 3741 980 3794 1161611
1007 3738 1077 3792 enim
1098 3737 1276 3792 1116110110-

73 3811 184 3862 lanuto
202 3809 331 3863 debitoris
346 3811 442 3879 planus
459 3812 586 3865 altenare.
606 3810 630 3871 6.
650 3811 675 3876 1,
693 3812 714 3864 t.
731 3810 758 3875 2,
775 3810 800 3864 8.
821 3812 865 3864 cit.

110 3877 1275 3952 411126.,11)206(1111111111116.Ῑ11311ιγρκ111)11.28..1)12,1

74 3949 203 4019 (doceb.
221 3950 315 4017 cred..)
334 3969 358 4005 ο.
375 3951 401 4006 3.
421 3954 450 4007 0.
469 3953 496 4019 8,
515 3901 558 4007 68.
577 3954 619 4006 eit.

74 4020 300 4161 mul-b.)
417 4022 504 4093 30(11
523 4024 676 4092 eudprg
696 4020 1148 4091 11116116467808
1173 4018 1276 4085 asmo
1374 4033 1383 4043 ·

320 4024 349 4077 0.

74 4091 335 4231 116661,

110 4232 332 4303 r).caoa,

407 4163 482 4233 (do
472 4182 531 4219 nura
550 4165 660 4220 domimi
671 4163 862 4232 impetrando).

404 4235 506 4306 (depe
507 4240 585 4292 ct·
559 4234 653 4306 μμ..)
690 4236 907 4291 Commissorlam
933 4237 1022 4303 legem
1046 4248 1102 4285 nou
1123 4232 1276 4298 reaplduut.

71 4232 1275 4446 61611111).111111ιι)11181111111111613642

72 4383 124 4451 (de
143 4377 198 4447 lg
218 4377 344 4447 act)lr
425 4378 660 4446 1).137(6ο
661 4380 670 4430 1
734 4384 786 4430 aot.

110 4396 163 4518 gp
164 4448 193 4504 c.
212 4466 258 4505 un.
277 4447 385 4517 (1.8,27
405 4448 551 4518 (11111111)
569 4398 1275 4519 olutrograpbnrlnmpecuulamptguustsuartpom).

366 4021 399 4089 8,

354 4162 392 4219 84

349 4234 386 4292 85

346 4306 397 4373 20,

362 4343 406 4433 34.
