2804 4966
149 316 202 371 210
470 324 671 363 rusurrurrornra
690 324 765 362 runis
783 324 887 363 nonani
906 323 1025 365 rnrvnrr.

192 454 308 535 9135.
351 453 434 514 Ante
463 444 695 515 restitutionem
725 453 908 515 hereditatis
936 453 1118 517 fiduciarius
1142 456 1272 536 quidem
1293 456 1352 519 bo-

147 569 258 615 norum
282 553 426 614 dominns
449 558 513 629 est,
545 570 649 632 neque
670 570 748 616 vero
769 553 932 632 quidquam
952 553 1092 616 alienare
1111 561 1235 634 potest,
1268 553 1351 637 quod

146 653 183 715 ad
207 653 432 715 restituendam
455 652 660 714 hereditatem
681 654 828 733 pertinet,
852 655 913 715 nisi
934 653 973 716 ad
996 671 1039 715 ars
1060 655 1200 717 alienum
1217 655 1353 719 solvan-

146 755 229 816 dum.
273 753 361 826 Quod
386 755 413 814 si
436 753 640 816 nihilominus
664 753 795 829 fecerit,
827 773 892 817 rem
918 755 1124 818 abalienatam
1150 756 1239 821 nulla
1270 774 1353 838 pre-

147 858 319 937 scriptione
339 856 494 932 obstante,
517 856 824 922 fideicommissarius
846 866 918 941 post
940 861 1172 923 restitutionem
1186 857 1354 920 vindicare

147 962 263 1038 potest.
307 957 339 1020 Si
371 956 624 1038 heresrogatus
655 963 723 1018 erat
751 960 940 1036 restituere,
975 957 1060 1039 quod
1088 963 1190 1020 morte
1223 968 1283 1018 sna
1315 970 1354 1016 ex

147 1059 322 1122 hereditate
346 1057 582 1137 superfuturum
604 1060 682 1134 erit,
714 1065 857 1138 quartam
886 1064 1008 1139 partam
1029 1074 1161 1120 servare
1191 1062 1225 1118 et
1253 1055 1297 1118 de
1317 1072 1354 1117 aa

146 1158 302 1222 servanda
325 1175 439 1219 cavere
463 1158 588 1239 cogitur
604 1158 641 1243 1).
685 1157 830 1239 Denique
854 1159 950 1222 heres
974 1164 1118 1235 tenetur,
1148 1159 1175 1221 si
1199 1158 1232 1218 in
1256 1156 1354 1218 rebus

146 1261 346 1325 hereditariis
377 1259 595 1322 custodiendis
623 1278 690 1322 eam
716 1261 913 1344 diligentiam
941 1279 1005 1323 non
1033 1259 1229 1336 adhibuerit,
1262 1275 1358 1340 quam

146 1367 212 1425 suis
236 1362 332 1423 rebus
355 1361 508 1423 adbibere
529 1359 661 1446 soleti).

104 1522 113 1537 ,
190 1466 221 1544 ἓ.
236 1461 306 1525 136.
350 1460 571 1543 Exstinguitur
592 1459 867 1522 fideicommissum
883 1478 923 1522 ex
937 1459 1048 1521 iisdem
1063 1459 1180 1535 causis,
1203 1460 1358 1539 equibus

149 1563 255 1645 legata
277 1561 479 1635 intercidunt,
502 1562 574 1622 item
588 1560 867 1623 fideicommissarii
883 1559 1132 1622 renunciatione.
1175 1557 1359 1621 Fideieom-

146 1664 274 1724 missum
289 1661 423 1722 alicuius
435 1660 559 1723 lamiliae
570 1666 724 1740 perpetuo
737 1661 892 1737 relietum,
915 1677 979 1720 non
992 1659 1105 1735 solum,
1128 1659 1156 1720 si
1172 1665 1359 1739 postremus

146 1783 186 1828 ex
205 1764 320 1827 familia
337 1763 514 1825 decesserit
524 1762 580 1824 sed
594 1763 665 1838 iam,
688 1762 716 1824 si
739 1767 873 1842 quatuor
886 1761 1109 1843 generationes
1121 1761 1307 1838 interierint
1316 1764 1360 1849 ⁸).

492 1951 560 2001 ΤΙΤ.
580 1950 640 2002 vn.
676 1951 725 2001 DD
744 1948 948 2002 OODIOILLIS
959 1945 991 2016 ⁴).

189 2092 220 2171 ξ.
235 2089 305 2152 737.
348 2086 418 2148 Non
440 2103 513 2147 raro
534 2086 566 2144 in
589 2083 840 2164 precedentibus
860 2082 1014 2163 capitibus
1030 2082 1251 2147 codicillorum
1267 2103 1362 2147 men-

151 2193 268 2253 tionem
297 2186 478 2260 babuimus;
509 2187 542 2246 in
571 2203 609 2247 eo
635 2190 700 2259 est,
733 2190 768 2245 ut
799 2183 838 2246 de
868 2185 909 2246 iis
937 2185 1115 2246 accuratius
1139 2183 1360 2265 dispiciamus.

152 2291 312 2353 Vocantur
334 2285 471 2350 codicilli
493 2287 606 2348 mentis
629 2284 756 2346 testatio
779 2286 881 2345 minus
896 2283 1047 2346 solemnis
1060 2284 1161 2361 deeo,
1185 2284 1274 2364 quod
1287 2286 1361 2364 quis

148 2381 372 2473 postmortem
401 2405 489 2448 suam
520 2385 588 2447 lieri
618 2384 713 2461 velit,
746 2402 806 2464 qua
832 2384 928 2446 heres
956 2403 1018 2447 non
1047 2384 1276 2472 instituitur5).
1322 2384 1363 2448 ut

151 2492 277 2572 quidem
299 2492 348 2551 ius
371 2487 588 2551 codicillorum
611 2492 682 2548 ante
704 2490 842 2565 tempora
866 2485 1004 2567 Augusti
1033 2502 1094 2547 non
1123 2485 1184 2546 luit
1212 2485 1248 2547 in
1278 2502 1361 2562 uan3

146 2592 203 2654 sed
233 2589 399 2653 occasione
423 2587 513 2648 Lucii
536 2586 679 2662 Lentuli,
712 2588 765 2665 qui
795 2587 826 2646 in
857 2584 965 2647 Africa
997 2585 1155 2648 decedens
1187 2586 1360 2652 codicillos

147 2693 339 2772 scripserat,
375 2696 407 2752 et
435 2709 474 2752 ex
502 2690 592 2753 cuius
619 2706 755 2771 persona
784 2689 876 2750 etiam
908 2686 1148 2750 fideicommissa
1178 2694 1360 2770 coeperunt,

120 2792 340 2872 temporibus
370 2791 510 2873 Augusti
541 2789 742 2870 prudentium
771 2794 803 2850 et
832 2789 965 2851 maxime
995 2786 1131 2848 Trebatii
1164 2790 1359 2852 auctoritate

147 2891 358 2952 introductum
381 2893 482 2976 este),
527 2891 573 2950 Ex
599 2908 637 2952 eo
659 2892 709 2952 ius
731 2888 949 2952 codicillorum
972 2889 1068 2968 eoepit
1089 2888 1257 2970 singulare
1272 2904 1356 2968 esse,

147 2996 182 3051 ut
202 3005 397 3069 quaeeunque
416 2991 448 3050 in
462 2991 502 3051 iis
516 2989 743 3066 scriberentur,
766 2989 897 3070 perinde
916 2988 1119 3063 haberentur,
1141 3006 1179 3050 ac
1195 2988 1224 3050 si
1237 2989 1271 3052 in
1286 2996 1357 3054 tas-

146 3092 282 3152 tamento
303 3089 419 3170 scripta
441 3095 548 3152 essent
560 3089 599 3178 ⁷).

189 3193 219 3272 ξ.
234 3188 305 3252 138.
351 3188 444 3252 Initio
476 3183 560 3252 sine'
579 3190 642 3252 ulla
674 3189 874 3252 solemnitate
904 3187 1042 3251 codicilli
1079 3187 1212 3250 fiebant:
1254 3189 1355 3252 omnis

150 3293 232 3354 anim
258 3288 408 3371 epistola,
441 3309 499 3372 per
527 3308 618 3370 quam
652 3291 723 3371 quis
745 3290 895 3352 heredem
917 3306 1008 3351 suum
1029 3294 1160 3370 rogaret
1181 3307 1242 3370 pro
1265 3288 1353 3352 codi-

149 3393 222 3455 cillo
239 3390 412 3453 habebatur
423 3389 462 3480 8).
506 3391 616 3454 Postea
635 3389 831 3452 Constantini
849 3395 880 3451 et
896 3387 1072 3452 Constantis
1087 3391 1314 3454 constitutione
1324 3389 1350 3476 ⁹)

147 3495 299 3555 sancitum
325 3495 390 3552 est:
417 3490 520 3566 iniis,
543 3492 625 3552 sicut
647 3489 906 3552 involuntatibus
930 3489 1121 3564 testamenti,
1143 3494 1267 3570 septem
1283 3494 1347 3552 tes-

147 3595 223 3655 tium
252 3593 305 3654 vel
341 3592 481 3671 quinque
510 3592 722 3652 interventum
752 3609 815 3652 non
848 3590 964 3652 deesse
993 3593 1153 3668 oportere,
1203 3589 1344 3654 Theodo-
1397 3588 1400 3595 '

148 3695 214 3757 sius
237 3699 338 3754 autem
361 3697 392 3753 et
415 3691 617 3768 lustinianus,
639 3693 693 3771 qui
714 3697 747 3753 et
768 3692 839 3753 sine
853 3690 980 3770 seriptis
1008 3687 1173 3753 codicillos
1203 3691 1339 3754 ordinare

202 3933 274 4002 )Fr.
293 3930 335 3984 54.
355 3930 398 3986 58.
402 3932 442 4056 48
461 3931 521 3987 7.8
522 3937 582 3986 ..D
600 3935 747 3988 bullar.
768 3932 965 3989 108,ο.1-.3,

203 4002 534 4071 )r1...aa§4r.r.24
536 4003 764 4066 ......saohc

201 4076 272 4142 )Fr.
292 4072 621 4199 7803141143ὲ1ῌ41
639 4079 719 4145 legat
739 4073 1013 4143 ripaealtae
1031 4072 1057 4125 8.
1075 4071 1101 4125 3.
1387 4082 1399 4107 ’-

201 4148 271 4213 ),
493 4147 592 4214 36(da
612 4147 762 4215 codicillis).
781 4151 814 4200 D.
826 4149 870 4211 89,
887 4143 1048 4212 ’1141011140
1065 4140 1235 4209 codicillor..)
1252 4135 1322 4194 aut

165 4217 250 4275 ..70
266 4182 330 4270 873,
351 4219 653 4272 eod.uhco‹1.1v.4.

229 4291 273 4341 Fr
291 4287 334 4341 10.
353 4288 395 4341 80.
415 4292 448 4340 D.
461 4292 488 4342 h.
501 4296 520 4342 1,

184 3935 199 3986 1

183 4007 199 4060 8

182 4078 199 4131 3

181 4147 199 4200 4
