2804 4966
528 335 608 372 urssn
620 334 657 377 1v.
677 335 736 377 css.
749 335 780 374 rr.
1205 333 1257 388 321

54 463 207 544 parietis,
239 467 272 524 et
293 461 441 525 idoneum
471 469 639 543 prestare3
672 464 776 525 cautio
797 469 900 527 autern
931 465 997 529 hec
1029 474 1094 546 est,
1126 476 1160 532 ut
1189 489 1259 534 eum

54 563 163 626 iubeat
187 561 229 625 de
250 562 422 625 reficiendo
444 563 564 643 pariete
588 582 715 639 cavere,
739 581 843 643 neque
863 581 910 641 se,
934 584 1038 648 neque
1054 587 1260 635 successores

55 680 134 726 suos
154 664 373 744 prohibituros
393 663 487 726 ultius
507 663 632 740 toliere,
654 663 873 743 sublatumque
891 666 1019 744 habore,
1041 671 1114 732 etsi
1130 674 1262 750 caverit,

54 764 252 840 absolvitur,
284 765 312 826 si
334 782 412 827 vero
433 781 538 843 neque
560 782 625 826 rem
648 769 797 845 praestct,
827 782 931 845 neque
954 768 1148 847 cautionem,
1182 774 1259 834 tanti

54 864 296 942 condemnetur,
320 865 428 943 quenti
449 870 537 927 octor
558 866 590 926 in
614 866 701 927 litem
725 866 931 953 iuraverit1).

94 970 129 1050 §-
144 965 240 1030 1123.
284 964 429 1046 Denique
458 971 489 1027 et
517 965 638 1028 fructus
669 967 699 1027 in
730 965 925 1029 contessoris
955 969 1079 1031 actione
1108 973 1259 1049 veniunt;

56 1073 88 1130 ct
111 1066 143 1129 id
165 1084 259 1129 omne
281 1065 439 1128 fructuum
462 1068 588 1128 nomine
612 1065 852 1147 computandum
876 1074 934 1145 est,
958 1070 1041 1149 quod
1063 1073 1186 1153 agentis
1206 1075 1259 1135 in-

57 1169 162 1244 tersit,
187 1168 372 1229 servitutem
395 1184 458 1229 non
483 1166 582 1229 fuisse
605 1167 842 1248 proripiunt).

96 1267 238 1350 §.1124
282 1268 386 1331 Acrm
406 1291 582 1331 ssorromr
604 1271 752 1350 competit
766 1270 813 1330 rei
830 1270 966 1346 domino,
990 1273 1043 1350 qui
1059 1272 1194 1334 intendit
1207 1275 1256 1336 ius
1368 1341 1373 1351 ,

54 1387 117 1432 non
139 1385 214 1430 esse
233 1367 417 1431 adversario
440 1369 548 1431 utendi
571 1369 714 1446 fruendi,
738 1369 832 1431 eundi
855 1370 990 1452 agendi,
1020 1389 1172 1451 equomve
1196 1374 1256 1436 du-

55 1468 167 1544 cendi,
199 1470 274 1531 itcrn
296 1469 389 1532 altius
412 1469 563 1547 tollendi,
582 1462 827 1551 prospiciendi,
857 1472 1044 1551 proiiciendi
1068 1473 1119 1535 vel
1142 1475 1259 1536 immit-

55 1568 141 1632 bodi
153 1569 194 1655 ³).
239 1568 371 1632 Videtur
400 1577 521 1647 autern,
551 1575 605 1651 qui
633 1572 691 1633 hac
723 1572 846 1633 actione
870 1573 986 1648 utitur,
1018 1576 1117 1656 magis
1139 1575 1178 1636 de
1201 1593 1259 1638 suo

55 1672 127 1732 iure
147 1687 267 1752 ogere,
294 1688 386 1751 quom
416 1671 456 1734 de
484 1671 607 1746 siten03
643 1688 712 1733 curn
735 1672 886 1748 intendit,
915 1690 951 1734 se
971 1674 1071 1735 invito
1094 1674 1185 1736 altori
1208 1678 1258 1736 ius

54 1772 85 1832 in
106 1789 144 1833 re
166 1788 226 1833 suo
248 1770 368 1833 nullum
394 1789 484 1835 esse:
515 1773 653 1852 ideoque
677 1772 752 1835 licet
774 1772 935 1853 possident
959 1772 1258 1835 adversarius'ser-

55 1873 200 1947 vitutem,
224 1872 428 1935 nihilominus
450 1872 489 1934 de
511 1875 580 1934 iure
602 1889 660 1935 suo
679 1874 814 1954 probare
834 1872 930 1934 debet
940 1871 979 1953 4).
1024 1871 1142 1945 Quodsi
1166 1873 1258 1950 torte,
1290 1906 1296 1913 ·

57 1973 109 2052 qui
130 1973 211 2054 agit,
234 1972 378 2035 dominus
400 1977 602 2055 proprietatis
628 1975 769 2051 nonsit,
794 1975 936 2054 quamvis
960 1992 991 2034 v.
1015 1992 1041 2035 c.
1065 1974 1258 2036 fructuarius

57 2074 103 2135 ius
125 2074 238 2135 utendi
261 2090 324 2135 non
348 2073 481 2150 habeut,
514 2075 621 2136 vincet
644 2079 745 2136 tomen
771 2076 859 2150 iure,
891 2091 954 2154 quo
976 2091 1164 2155 possessore
1185 2081 1259 2136 sunt

58 2175 200 2253 potiores
212 2173 253 2259 Β).

95 2275 126 2356 §-
140 2272 233 2339 1125.
277 2271 394 2335 iudicis
418 2272 553 2336 oiiicium
577 2279 635 2350 est,
659 2280 693 2335 ut
718 2275 862 2336 cautione
885 2275 924 2337 de
947 2292 1010 2338 non
1032 2272 1163 2355 amplius
1185 2279 1258 2335 tur-

14 2444 22 2459 ,
56 2372 157 2437 bondo
180 2381 314 2437 securus
335 2380 502 2454 praestetur
524 2377 725 2455 proprietatis
748 2376 911 2452 dominus,
940 2395 981 2438 ne
1010 2377 1204 2456 inquietetur
1215 2375 1256 2460 6).

57 2477 153 2540 Etism
176 2477 209 2537 in
231 2473 291 2536 bac
311 2476 453 2552 actione,
478 2477 505 2538 si
529 2492 603 2537 reus
627 2478 668 2538 sit
689 2477 810 2553 victus,
835 2476 957 2539 fructus
981 2464 1148 2556 praestondi
1172 2481 1256 2551 sunt,

57 2575 180 2640 scilicet
202 2576 232 2636 si
253 2591 423 2654 possessor
445 2594 508 2639 non
532 2577 637 2669 tuerit,
662 2579 715 2657 qui
739 2577 860 2660 egisti).

97 2683 128 2761 ξ.
143 2676 238 2742 1126.
284 2675 500 2739 Eurnrreurs
522 2694 649 2756 quoque
672 2679 703 2738 in
724 2695 789 2739 rern
812 2681 894 2740 actio
917 2681 1064 2760 competit
1080 2695 1141 2740 non
1156 2677 1257 2739 solum

57 2784 163 2842 contra
184 2778 256 2861 agri
279 2776 447 2859 vectigalis
472 2777 641 2854 dominum,
666 2779 722 2841 sed
746 2781 837 2841 etiem
858 2783 1013 2844 adversus
1031 2795 1259 2860 quemcumque

57 2895 283 2960 possessorem.
328 2876 360 2940 si
381 2876 461 2939 bono
484 2875 545 2940 tidc
568 2875 664 2940 olicui
688 2881 799 2942 trudito
824 2881 866 2942 sit
889 2881 1124 2961 emphyteusis,
1147 2878 1257 2941 Publi-

60 2981 153 3043 ciouae
174 2978 291 3041 actioni
313 2977 402 3040 locus
425 2984 474 3039 est
487 2978 525 3064 8).
615 3021 617 3026 .
1256 2990 1259 3001 ·

95 3085 125 3166 5.
140 3079 235 3145 1127.
279 3076 425 3157 Denique
446 3081 477 3139 et
496 3102 724 3143 surrnmcmmo
744 3080 862 3144 Praetor
884 3100 978 3146 causo
1001 3083 1128 3166 cognito
1145 3082 1177 3143 in
1192 3098 1258 3142 rem
1339 3126 1342 3131 ,

59 3184 209 3246 actionem
233 3177 454 3266 pollicetur-⁹).

96 3279 234 3367 §.1128
280 3277 314 3338 ln
328 3294 394 3338 rem
412 3278 504 3339 otiam
518 3279 660 3341 notiones
680 3285 754 3340 sunt
768 3281 922 3344 Ssnvrsus
939 3287 970 3343 et
985 3306 1074 3357 Qussr
1092 3282 1258 3357 Sssvrsrrs,

61 3401 123 3464 qun
137 3384 231 3445 etium
255 3400 485 3440 ursornscmm
500 3401 586 3441 scrro
599 3385 740 3441 vocatur.
767 3379 820 3442 Hae
842 3385 873 3441 et
894 3382 970 3460 ipsae
992 3381 1186 3444 cxPraetoris
1207 3382 1260 3440 iu-

60 3483 242 3547 risdictione
261 3476 466 3540 substantiam
491 3479 627 3557 copiunt.
673 3479 822 3540 Serviano
847 3480 969 3541 actione
993 3479 1074 3541 enirn
1097 3480 1259 3558 experitur

62 3586 125 3666 quis
148 3579 306 3647 derebus
329 3577 455 3654 coloni,
488 3595 558 3658 que
579 3579 820 3661 pignoris'iure
850 3598 908 3660 pro
936 3580 1136 3641 mercedibus
1170 3578 1259 3640 fundi

94 3720 122 3788 1)
142 3722 244 3774 Paulus
263 3723 291 3774 in
310 3723 342 3774 11.
361 3719 387 3772 7.
407 3723 440 3772 Ι).
464 3721 490 3787 8,
510 3721 527 3775 5
547 3722 582 3788 (si
601 3726 711 3777 servitus
730 3724 900 3792 vindicetur).

90 3791 1140 3862 1111111116.111113,511111111115.1111116
1164 3791 1260 3860 (1.1).

90 3862 117 3928 3)
141 3863 165 3923 b.
185 3863 211 3915 2.
232 3865 261 3915 in
282 3865 353 3916 med.
373 3866 393 3914 1.
412 3860 439 3926 4,
457 3862 474 3915 6
495 3863 544 3924 (do
564 3866 636 3932 sot.).
655 3871 685 3919 11.
697 3868 722 3921 2.
740 3887 778 3935 pr.
799 3870 831 3919 D.
840 3868 866 3931 8,
886 3868 903 3920 5
924 3869 958 3934 (si
977 3869 1110 3933 servitus).
1130 3871 1161 3919 11.
1179 3865 1204 3920 5.
1222 3884 1260 3934 pr.

63 3933 90 3985 D.
107 3932 134 3999 7,
151 3934 169 3987 6
186 3932 221 4002 (si
238 3934 426 4000 ususfructus).
470 3935 573 4004 Moyse
592 3939 615 3997 ἓ.
638 3936 699 3991 223.

90 4002 120 4071 4)
137 4008 179 4058 Do
197 4023 277 4059 onero
295 4007 427 4075 probandi
447 4020 538 4059 contra
559 4026 628 4073 oum,
648 4011 692 4079 qui
714 4011 865 4062 servitutem
884 4012 1018 4078 possidet,
1037 4012 1149 4062 multum
1168 4008 1258 4075 dispu-

65 4079 136 4128 tetur.
173 4077 228 4131 011.
248 4096 272 4130 o.
300 4077 447 4144 Vanysrow
467 4080 490 4137 6.
510 4079 570 4132 353.

94 4146 121 4213 b)
143 4148 230 4202 115.
249 4166 288 4217 pr.
307 4151 350 4200 cit.
453 4147 481 4214 6)
503 4153 546 4203 Fr.
566 4150 591 4204 5.
611 4151 633 4210 §-
652 4149 677 4202 6.
697 4152 729 4200 D.
748 4150 809 4202 ood.

94 4218 121 4286 7)
139 4220 184 4272 Fr.
203 4219 230 4272 b.
248 4220 273 4281 §-
291 4219 317 4273 6.
335 4222 363 4273 in
380 4223 399 4272 1.
417 4220 451 4271 D.
470 4223 532 4273 sod.
550 4225 581 4274 11.
599 4221 641 4274 12.
664 4223 698 4272 D.
716 4221 741 4283 8,
760 4221 777 4273 5
795 4220 830 4286 (si
848 4218 979 4285 servitus).

94 4286 317 4351 8111111.
343 4293 377 4344 D.
398 4289 460 4354 6,3
484 4293 519 4359 (si
543 4308 607 4360 ager
624 4293 763 4360 vectigalis
781 4290 907 4359 petatur).
930 4293 961 4342 11.
981 4289 1022 4342 12.
1051 4289 1074 4348 ἓ.
1093 4289 1118 4343 3.
1143 4293 1177 4342 D.
1196 4289 1258 4355 6,2

71 4353 110 4422 (de
128 4363 231 4416 Publio.
250 4364 353 4416 intem
375 4359 448 4427 sot).

97 4428 766 4498 6117311111.74.75.1).6,1(11111
782 4428 932 4497 vindicet).
952 4429 1037 4483 1112.
1057 4428 1081 4492 ἓ.
1100 4431 1125 4485 3.
1144 4434 1178 4484 D.
1197 4431 1260 4496 6,ss

72 4493 110 4565 (ds
127 4502 307 4569 Publiciana).
327 4506 359 4557 11.
380 4501 404 4555 1.
425 4519 465 4570 pr.
486 4504 509 4564 ὅ.
530 4500 556 4556 6.
575 4505 609 4554 D.
628 4499 673 4567 43,
694 4503 728 4555 18
747 4504 793 4571 (ds
813 4500 959 4572 superbo).

1075 4596 1169 4682 21¹
