2804 4966
496 317 576 357 usn
584 319 613 357 11.
628 316 733 355 nunt.
747 317 805 355 ῧΑΡ.
813 318 840 355 V.
1218 314 1272 368 209

104 456 127 512 ct
138 457 289 530 atrumque
302 449 615 513 senatusconsultum
630 451 661 510 in
676 467 771 511 unum
785 451 936 513 conllavit
948 457 1042 530 atque
1057 452 1228 515 transfudit
1238 457 1277 540 1).

101 550 167 613 Unde
183 550 274 614 hodie
296 549 403 626 heres,
424 550 452 611 si
474 567 537 613 non
559 557 686 613 coactus
709 550 774 613 adit
796 551 1020 629 hereditatem,
1043 559 1184 632 quartam
1208 554 1269 617 bo-

101 667 184 712 norum
203 655 322 730 partem
342 651 483 713 retinere
500 657 620 732 potest,
649 650 759 714 eodem
781 652 891 729 modo,
916 671 996 733 quo,
1028 655 1055 715 si
1076 655 1145 717 cius
1167 654 1271 734 portio

100 748 187 832 legatis
206 751 359 813 exhausta
381 756 477 827 esset,
502 757 611 831 quarta
632 750 770 814 Falcidia
793 755 1002 827 retineretur3
1027 760 1158 817 vocatur
1181 771 1270 815 are-

46 916 48 921 ,
99 851 262 913 tentionibus
285 857 396 931 quarta
418 851 664 930 Trebellianus,
695 859 726 916 et
747 857 779 916 in
804 857 872 917 eius
895 856 1127 936 computatione
1150 854 1268 917 eaedem

46 950 49 1003 l
99 950 191 1033 regule
212 953 441 1031 observantur,
474 972 545 1035 quae
573 957 605 1017 in
634 957 756 1018 ratione
790 957 876 1038 legis
902 955 1048 1018 Falcidiae
1076 955 1219 1018 obtinent
1230 954 1270 1042 ²).

98 1047 390 1116 lideicommissarius
412 1061 484 1134 post
505 1056 737 1119 restitutionem
759 1074 884 1137 semper
906 1057 1033 1119 heredis
1054 1057 1125 1119 loco
1146 1061 1205 1117 est.

127 1156 227 1236 §.732
272 1152 333 1227 Qui
357 1155 467 1216 testari
489 1162 633 1236 possunt,
656 1157 749 1219 iidem
771 1159 863 1219 etiarn
882 1157 1087 1220 hereditatem
1102 1174 1159 1236 per
1175 1155 1269 1216 hdei-

98 1257 265 1319 commissum
292 1260 427 1335 possunt
446 1255 648 1335 relinquere,
678 1257 735 1319 sed
759 1256 798 1317 cb
821 1256 933 1319 herede
955 1263 1091 1334 tantum,
1122 1263 1268 1337 tanquam

97 1361 159 1418 racto
176 1356 244 1419 iure
266 1355 406 1417 instituto
429 1355 481 1418 vel
503 1357 541 1418 ab
564 1358 626 1420 alio
651 1358 769 1421 herede
782 1358 1072 1421 fideicommissario
1086 1359 1129 1439 8);
1154 1360 1186 1419 in
1201 1359 1269 1420 eius

98 1474 152 1521 lero
170 1458 363 1521 solummodo
385 1457 537 1536 favorem,
562 1461 616 1539 qui
640 1460 987 1522 testamentilactionem
1012 1459 1108 1522 habet
1129 1477 1198 1522 cunr
1221 1461 1271 1521 iis.

125 1562 146 1641 ξ.
158 1560 225 1625 133.
270 1559 463 1622 Permittitur
484 1562 645 1637 testatori,
669 1560 722 1623 vel
745 1579 824 1641 pure
851 1563 903 1624 vel
929 1561 987 1623 sub
1013 1561 1194 1624 conditione
1215 1579 1272 1622 re-

97 1657 213 1740 linquere
235 1660 520 1737 fideicommissum,
544 1667 576 1724 et
596 1668 657 1724 tam
678 1681 718 1724 ex
738 1670 827 1725 certo
851 1662 902 1724 die
925 1681 1017 1742 quarn
1038 1661 1077 1724 ad
1096 1662 1178 1725 diem
1196 1681 1271 1724 cer-

97 1762 156 1834 tum3
177 1760 315 1842 denique
339 1762 433 1824 heres
455 1763 563 1845 rogari
585 1768 700 1842 potest,
728 1750 762 1824 ut
784 1768 1006 1842 postmortem
1029 1780 1117 1826 suam
1140 1763 1270 1825 heredi-

97 1861 166 1920 tatam
185 1862 343 1939 restituat,
366 1861 450 1942 quod
472 1862 586 1925 iactum
607 1880 679 1925 esse
700 1862 903 1946 intelligitur,
927 1866 953 1926 si
974 1869 1106 1926 testator
1122 1864 1272 1926 heredem

96 1960 224 2045 integram
246 1960 453 2025 hereditatem
476 1962 543 2025 suis
567 1963 758 2044 quandoque
780 1964 955 2026 heredibus
977 1964 1273 2045 relinquereroga-

97 2061 204 2150 varim).
247 2062 318 2125 Non
341 2061 444 2125 solum
467 2063 506 2125 de
530 2080 586 2125 sua
609 2064 664 2126 sed
691 2066 782 2126 etiarn
803 2064 842 2126 de
865 2065 966 2126 aliena
996 2063 1172 2126 hereditate
1201 2081 1275 2127 res-

95 2159 210 2225 tituenda
233 2163 328 2225 heres
348 2165 456 2246 rogari
471 2170 590 2244 potest,
604 2164 657 2226 vel
672 2165 714 2227 ita
728 2171 761 2226 ut
778 2164 872 2227 alicui
894 2165 1040 2227 restituat
1054 2163 1274 2240 hereditatem,

95 2263 213 2325 bruteri
234 2263 272 2326 ab
295 2269 445 2326 extraneo
468 2263 621 2341 relictam,
646 2271 701 2326 aut
722 2284 800 2341 earn,
823 2282 893 2345 quae
913 2265 1023 2327 heredi
1048 2265 1197 2341 obvenit,
1222 2271 1275 2326 aut

94 2365 123 2422 ut
137 2380 212 2427 suam
234 2364 439 2428 hereditatem
452 2366 504 2428 vel
527 2371 646 2445 partern
670 2368 739 2428 eius
754 2366 808 2428 alii
830 2367 955 2428 restitui
977 2366 1094 2427 iubeat.
1119 2364 1154 2426 ln
1173 2368 1269 2446 prima

96 2466 183 2542 specie
196 2464 457 2545 fideicommissum
472 2466 648 2528 universale
665 2467 780 2529 adesse
794 2467 930 2544 videtur,
954 2469 986 2529 in
1000 2467 1098 2529 altera
1113 2468 1271 2550 legatum3

96 2564 122 2625 in
139 2568 219 2630 tertia
244 2567 381 2648 denique
404 2565 712 2630 fideicommissarius
743 2569 822 2629 iuris
851 2567 977 2647 quidem
1005 2583 1174 2630 successor
1201 2567 1274 2628 elli-

96 2667 179 2745 eitur,
206 2667 263 2730 sed
285 2666 467 2731 fiduciarius
491 2668 528 2730 ad
551 2666 726 2730 adeundam
747 2669 907 2731 testatoris
929 2667 1136 2729 hereditatem
1164 2684 1273 2732 suam-

95 2783 145 2846 qua
162 2767 385 2851 restituendam
406 2770 479 2851 cogi
500 2785 563 2830 non
585 2767 742 2853 potasti).
1182 2784 1187 2795 “
1300 2840 1305 2849 ¹

127 2870 228 2950 §.illd
270 2869 330 2932 Die
351 2868 584 2932 fideicommissi
607 2869 767 2944 veniente,
792 2868 885 2929 heres
908 2865 1090 2931 fiduciarius
1103 2875 1273 2936 restituere

46 2996 48 3003 ·
94 2964 344 3033 fideicommissum
375 2968 487 3046 debet,
519 2971 546 3032 si
580 2968 886 3031 fideicommissarius
917 2966 995 3028 illud
1029 2986 1092 3030 non
1123 2973 1275 3053 repudia-

95 3072 215 3159 remp:
236 3072 395 3135 restitutio
415 3077 475 3133 tam
498 3087 603 3134 rerum
627 3070 793 3133 traditione
814 3070 986 3159 perficitur,
1010 3088 1102 3151 quarn
1117 3071 1201 3134 nuda
1213 3071 1274 3135 de-

97 3166 245 3237 claratione
266 3170 415 3235 heredis:
449 3188 503 3250 ,se
525 3173 702 3233 restitutam
724 3170 811 3232 velle
832 3171 1069 3247 hereditatem&
1102 3188 1163 3251 quo
1191 3172 1273 3234 lacto

95 3272 213 3336 aciones
244 3272 445 3336 hereditarie
480 3271 767 3334 fideicommissario
799 3276 979 3351 competunt
1015 3272 1123 3353 (etiam
1164 3276 1273 3333 contra

96 3365 282 3461 fiduciarium)
306 3378 338 3435 et
358 3372 396 3435 ab
418 3373 576 3435 extraneis
596 3374 628 3434 in
651 3371 972 3434 fideicommissarium
996 3370 1110 3433 dantur
1126 3371 1164 3460 ⁷).
1208 3372 1273 3433 Le-

98 3473 157 3547 gata
169 3488 295 3552 quoque
321 3490 361 3533 ex
382 3471 558 3535 hereditate
581 3473 757 3552 prestanda
778 3472 1085 3535 fideicommissarius
1117 3489 1175 3550 pro
1204 3476 1272 3533 rata

98 3572 226 3637 redime
252 3572 353 3655 partis
377 3590 554 3656 agnoscere
581 3571 691 3650 debet,
725 3572 786 3635 nisi
809 3571 893 3635 aliud
916 3572 1062 3633 statuerit
1085 3571 1271 3657 testatori).

129 3716 224 3853 Iphi.
241 3725 262 3775 1.
281 3722 309 3773 h.
325 3726 346 3774 t.
364 3738 388 3774 o.
405 3718 431 3774 7.
450 3721 475 3783 ἓ.
490 3722 515 3775 1.
535 3723 564 3774 0.
585 3723 612 3774 h.
629 3728 648 3775 t.

129 3788 143 3841 2
170 3792 220 3846 (lai
237 3793 263 3846 2.
283 3794 308 3853 h.
328 3791 389 3846 254.
407 3797 439 3845 tr.
459 3792 503 3846 74.
522 3797 554 3845 ir.
574 3792 617 3846 30.
638 3793 662 3853 §-
679 3791 705 3845 7.
728 3790 757 3845 D.
776 3791 820 3858 35,
835 3791 859 3844 2.
877 3796 908 3844 ir.
929 3788 972 3844 18.
990 3807 1030 3856 pr.
1051 3791 1110 3855 §.L
1130 3789 1155 3841 2.
1177 3794 1209 3842 ir.
1231 3788 1273 3842 22.

103 3850 124 3911 i·
139 3858 160 3911 2.
173 3865 199 3915 ir.
214 3863 255 3917 27.
273 3865 297 3926 §.
316 3862 341 3916 1.
362 3863 393 3915 D.
411 3866 475 3917 ht
511 3866 600 3917 Aliam
628 3882 686 3917 esse
706 3871 805 3933 quarta
824 3864 1049 3930 computationem
1067 3864 1095 3913 in
1113 3864 1188 3915 hisce
1208 3862 1275 3913 caci·

103 3924 147 3981 bus
160 3936 223 3987 multi
238 3938 334 3989 volunt
352 3941 458 4003 propter
484 3937 545 3988 loca
565 3937 737 3999 difficillima,
765 3938 886 3987 nimirum
906 3939 937 3986 fr.
958 3931 1003 3985 86.
1022 3936 1052 3984 fr.
1070 3933 1114 3985 91.
1135 3931 1165 3984 D.
1186 3931 1230 3995 35,
1249 3929 1276 3982 2.

104 4013 125 4047 ⁰·
138 3998 173 4053 24.
186 4006 211 4057 b.
227 4005 252 4071 3,
268 4006 313 4061 36.
349 4008 448 4059 Dicunt
465 4009 579 4059 enimin
603 4013 727 4076 quartam
746 4007 818 4060 hanc
841 4008 922 4058 etiam
946 4019 979 4055 ea
1006 4019 1065 4058 esse
1084 4002 1274 4071 computanda,

105 4073 340 4210 arrasa
359 4079 443 4200 ra
457 4080 554 4209 aa
750 4077 949 4213 macr
1090 4161 1122 4212 r
1154 4140 1174 4188 0
1205 4142 1224 4192 .
1252 4145 1262 4190 .

46 4214 48 4225 “
133 4209 157 4276 5)
170 4214 204 4269 Fr.
217 4219 258 4274 16.
271 4221 300 4282 5.
318 4218 344 4273 5.
362 4223 395 4273 fr.
413 4217 456 4274 27·
475 4220 498 4280 §-
517 4219 623 4274 8.-10.
643 4224 675 4273 fr.
694 4219 754 4273 114.
774 4220 797 4280 ἓ.
809 4217 834 4271 7.
856 4217 887 4271 D.
906 4217 949 4271 30.

135 4280 354 4360 illustraremus
372 4299 444 4346 carto
463 4291 506 4345 dia
524 4309 578 4345 non
595 4293 701 4345 iubetur
718 4293 859 4354 restitutio,
878 4292 966 4344 statim
990 4291 1051 4354 post
1071 4285 1173 4336 aditam
1193 4282 1269 4333 here·

106 4348 193 4409 disum
207 4378 237 4414 aa
252 4365 308 4416 lieri
327 4364 416 4416 dabat
434 4366 467 4416 ir.
485 4361 530 4416 41.
550 4363 573 4423 ἐ.
593 4366 641 4417 ult.
665 4362 694 4414 ll.
713 4362 748 4416 32
768 4361 816 4429 (de
834 4363 915 4430 legat.
935 4357 1005 4425 ut).

135 4420 160 4487 7)
174 4424 196 4480 0·
210 4430 233 4486 5.
249 4435 272 4496 ξ.
290 4434 316 4489 2.
333 4432 360 4489 3.
378 4436 408 4488 0.
427 4432 454 4500 6,
469 4432 506 4487 48
526 4432 690 4500 (communia
713 4435 747 4486 de
764 4435 861 4500 legatis
880 4438 906 4485 at
923 4425 1033 4494 fidele).

46 4578 48 4583 Ι
136 4490 161 4559 8)
174 4496 198 4552 0·
211 4502 235 4557 2.
249 4505 362 4561 0.'h.t.
398 4503 467 4560 Sunt
484 4507 551 4559 verli
570 4520 650 4559 casus
669 4503 753 4570 dubii,
774 4503 809 4556 ds
828 4504 923 4573 qulbus
941 4516 965 4553 a.
988 4497 1137 4568 Vcaporow
1155 4495 1179 4556 5.
1199 4490 1259 4546 559.

1093 4590 1128 4645 14
