2804 4966
97 296 149 352 260
417 309 616 348 rnsrrrurronns
638 309 711 349 ruam
731 310 835 356 nonnum
853 309 973 348 rarvnrr.

52 418 57 426 ¹
137 440 168 502 Si
190 439 221 498 in
243 438 404 500 arbitrium
428 439 568 500 extranei
592 437 739 500 collatum
769 440 865 502 luerit
889 441 1042 520 pretium,
1076 439 1302 516 conditionalis

95 547 143 602 est
165 541 281 619 emptio
292 539 330 624 1).
374 538 591 619 Imperfectum
613 544 713 600 autem
737 545 786 601 est
807 542 978 623 negotium,
1002 557 1072 602 cum
1102 557 1213 601 emere
1242 557 1304 600 vo-

96 639 173 702 lenti
204 642 251 701 sio
278 641 424 702 veriditor
448 641 541 702 dicit:
576 641 683 719 quanti
714 641 807 720 celis,
837 641 945 721 quenti
974 657 1095 722 equum
1124 637 1303 718 potaveris,

95 739 202 819 quenti
222 740 436 814 aestimaveris,
461 739 558 802 babes
581 748 714 819 emptam
727 743 767 829 ²).
1196 821 1199 826 1

138 843 167 921 §-
181 839 252 902 873.
297 840 416 902 lustum
435 842 587 921 accipitur
611 844 754 922 pretium,
780 842 863 921 quod
886 844 987 904 minus
1011 860 1073 904 non
1101 845 1153 902 est
1175 839 1299 900 dimidia

95 944 183 1019 porte
205 939 252 1000 rei
276 939 412 1014 valoris3
447 943 575 1002 minoris
600 944 692 1022 pretii
719 942 860 1003 venditio
884 947 985 1004 tamen
1007 940 1130 1004 inutilis
1155 959 1220 1004 non
1244 946 1300 1016 eol,

95 1040 151 1101 sed
173 1041 359 1102 rescissioni
381 1039 566 1126 obnoxiai).

138 1144 169 1223 ξ.
183 1141 254 1205 874.
300 1140 441 1203 Perfecta
473 1147 521 1202 est
551 1142 664 1222 emptio
693 1141 883 1221 simulatque
913 1141 952 1202 de
991 1141 1097 1221 pretio
1131 1142 1293 1216 convenit,

96 1243 237 1320 quamvis
260 1245 394 1321 pretium
418 1241 554 1304 nondum
577 1241 732 1319 solutum,
758 1261 817 1304 neo
837 1243 930 1304 arrha
942 1242 1070 1321 quidem
1092 1244 1165 1304 data
1180 1241 1294 1317 fuerit;

96 1342 153 1403 sed
175 1342 259 1422 quod
279 1342 381 1403 arrbae
403 1345 527 1412 nomine
555 1343 657 1419 datur,
679 1348 896 1425 argumentum
921 1347 969 1403 est
990 1343 1160 1422 emptionis
1173 1349 1291 1405 etven·

97 1442 224 1504 ditionis
241 1441 455 1529 eontractae4).
501 1444 532 1506 si
557 1445 682 1524 scriptis
696 1442 904 1506 conficiuntur
917 1445 1104 1523 emptiones,
1126 1462 1191 1507 non
1208 1445 1290 1506 aliter

96 1542 257 1622 perlectus
282 1549 330 1603 est
355 1548 551 1617 contractus,
585 1545 646 1604 nisi
680 1544 886 1604 instrumenta
919 1544 1086 1622 emptionis
1117 1543 1237 1605 luerint
1262 1545 1286 1604 in

96 1643 243 1706 mundum
273 1649 399 1723 accepta
432 1643 782 1723 subscriptionibusque
810 1645 942 1722 partium
974 1643 1177 1718 confirmata3
1212 1649 1240 1705 et
1266 1645 1285 1704 si

96 1765 154 1827 per
173 1745 373 1808 tabellionem
400 1746 650 1821 conscribantur,
679 1745 771 1807 etiam
790 1744 827 1806 ab
845 1746 913 1823 ipso
927 1743 1080 1824 completa
1096 1751 1129 1806 et
1142 1750 1283 1824 postremo

97 1869 114 1910 a
137 1847 278 1928 partibus
299 1845 441 1907 absoluta
465 1848 528 1906 sint
541 1845 581 1931 5).

140 1951 171 2029 ξ.
184 1947 256 2012 876.
301 1945 376 2008 Cum
399 1946 497 2026 igitur
519 1961 695 2006 consensus
719 1945 750 2006 in
777 1941 987 2022 emptionibus
1013 1943 1215 2007 intercedere
1236 1943 1280 2006 de-

98 2050 188 2122 beat3
218 2050 287 2110 sive
310 2049 341 2108 in
363 2049 429 2128 ipsa
455 2048 612 2127 emptione
635 2046 841 2120 dissentiant,
872 2045 941 2106 sive
964 2046 997 2105 in
1019 2047 1142 2123 pretio,
1175 2046 1277 2108 sivein

100 2166 162 2229 quo
183 2147 256 2226 alio,
279 2150 393 2227 emptio
415 2147 598 2228 imperfecta
621 2153 679 2222 est,
703 2147 803 2208 veluti
826 2146 907 2207 siin
930 2162 1065 2224 corpore
1087 2162 1277 2225 pererrorcn

100 2251 304 2324 dissentiant,
336 2254 390 2309 aut
415 2249 443 2310 si
466 2249 498 2308 in
523 2249 591 2328 ipso
615 2264 748 2327 corpore
772 2264 835 2308 non
857 2251 1000 2322 erretur,
1034 2245 1091 2307 sed
1117 2248 1196 2308 siin
1218 2245 1277 2307 sab-

99 2353 213 2413 stantia
236 2366 326 2411 error
345 2352 401 2425 sit,
433 2354 467 2410 ut
490 2355 563 2429 puta
586 2353 612 2410 si
633 2354 755 2410 acetum
776 2365 833 2426 pro
858 2348 950 2423 vino,
984 2345 1035 2408 vel
1058 2346 1214 2426 plumbum
1234 2359 1275 2424 pro

100 2459 234 2536 argento
257 2453 379 2513 emitur.
424 2450 500 2511 ltem
523 2449 616 2511 nulla·
632 2450 745 2530 emptio
771 2453 829 2523 est,
854 2448 881 2508 si
904 2447 974 2525 quis
995 2463 1063 2508 rem
1086 2464 1174 2509 suam
1194 2446 1270 2528 igno·

100 2573 173 2618 rans
194 2556 279 2629 emit,
301 2552 353 2614 vel
375 2569 444 2630 quae
465 2554 496 2613 in
520 2569 625 2613 rerum
645 2557 756 2612 natura
781 2567 854 2612 esse
874 2547 969 2610 desiit
980 2547 1021 2632 ⁶).

33 2698 39 2710 .
143 2658 173 2737 ξ.
187 2653 257 2718 876.
303 2652 496 2732 Emptionem
522 2657 553 2713 et
574 2652 786 2713 venditionem
809 2648 997 2711 contrahere
1019 2652 1155 2726 possunt
1179 2655 1276 2712 omnes,

101 2756 215 2836 quibus
243 2748 460 2836 obligationes*
483 2755 647 2835 suscipere
676 2751 760 2813 licet.
806 2749 966 2832 Singulari
996 2752 1101 2810 tamen
1130 2747 1213 2820 iure,
1237 2739 1274 2820 qui

101 2856 195 2918 oflicii
216 2871 309 2916 causa
332 2855 364 2914 in
386 2855 548 2934 provincia
569 2854 636 2934 agit
656 2850 851 2933 vellmilitat,
875 2849 990 2929 predia
1006 2863 1191 2932 comparare
1210 2845 1274 2906 inea

100 2956 273 3034 provincia,
297 2954 357 3014 nisi
380 2953 482 3016 victus
505 2952 679 3032 quotidiani
701 2967 814 3026 causa,
844 2967 906 3010 non
929 2953 1045 3028 potest,
1070 2948 1170 3012 vetuti
1191 2949 1215 3009 si
1232 2961 1273 3026 pa-

103 3063 190 3117 terna
212 3055 281 3116 eius
306 3071 322 3113 a
345 3051 420 3113 fisco
443 3052 660 3113 distrahuntur
674 3050 711 3135 ⁷).
757 3048 854 3113 Simili
878 3049 969 3110 modo
994 3053 1080 3110 tutor
1102 3069 1167 3112 rem
1188 3039 1272 3129 pupilli

10 3177 13 3180 ⁴
103 3173 207 3217 emere
229 3172 289 3214 non
302 3157 418 3235 potest,
442 3152 523 3230 quod
539 3157 569 3212 et
588 3152 625 3214 ad
647 3155 822 3227 curatores,
846 3155 1069 3231 procuratores
1089 3147 1272 3229 etquialiant

101 3257 228 3340 negotia
255 3259 381 3337 gerunt,
406 3253 580 3334 porrigitur
592 3254 630 3340 8).

144 3361 174 3438 ξ.
187 3355 258 3419 877.
303 3352 377 3414 Cum
400 3353 514 3432 emptio
539 3359 570 3414 et
590 3352 729 3415 venditio
743 3357 902 3415 contracta
921 3352 972 3428 sit,
996 3351 1202 3434 obligationes
1213 3349 1269 3410 inter

43 3492 45 3497 ·
103 3461 274 3536 emptorem
298 3459 330 3517 ct
347 3454 543 3515 venditorem
565 3455 723 3533 utrimque
744 3459 932 3516 nascuntur:
954 3453 1134 3533 periculum
1153 3453 1195 3514 rei
1212 3461 1269 3509 ren-

103 3558 173 3620 ditae
201 3561 304 3618 autem
333 3556 436 3618 statim
466 3553 504 3615 ad
533 3561 703 3634 emptorem
731 3556 887 3635 pertinet,
918 3553 1042 3615 tametsi
1064 3553 1166 3615 adhuc
1187 3555 1268 3614 ealls

137 3699 165 3767 1)
188 3701 210 3761 ἓ.
230 3700 254 3752 1.
273 3705 293 3752 Ι.
312 3702 338 3752 11.
358 3706 376 3752 t.
398 3703 429 3752 fr.
448 3697 475 3752 7.
493 3702 526 3750 D.
546 3701 572 3751 11.
591 3704 609 3751 t.
633 3716 655 3751 o.
674 3701 721 3750 ult.
748 3701 776 3752 O.
794 3701 857 3759 eod.
883 3699 953 3752 Vide
972 3701 1052 3754 etiam
1070 3703 1102 3752 fr.
1121 3696 1162 3752 37.
1181 3698 1208 3748 D.
1222 3692 1242 3741 b.
1254 3690 1266 3735 1

103 3776 174 3825 Inter
194 3774 318 3840 antiquae
337 3774 459 3825 IOtcrum
479 3773 586 3824 scholas
597 3787 630 3822 ea
641 3773 675 3822 de
687 3788 716 3822 re
728 3772 921 3840 disputabatur.
943 3772 1003 3823 Gai.
1012 3771 1037 3824 3.
1047 3771 1071 3831 ἓ.
1080 3769 1140 3824 140.
1153 3769 1174 3830 ἓ.
1183 3767 1203 3820 1.
1212 3760 1266 3833 {M

138 3840 167 3907 2)
186 3844 228 3894 Fr.
248 3842 291 3895 35.
314 3844 336 3902 ἓ.
359 3844 382 3894 1.
405 3847 437 3894 Ι).
457 3845 484 3892 h.
503 3848 521 3894 t.
542 3859 563 3894 c.
586 3841 628 3894 13.
648 3843 677 3894 0.
696 3843 756 3896 eod.
792 3843 888 3895 Labeo
908 3847 935 3895 et
952 3844 1063 3897 saepius
1080 3840 1205 3899 eiusmodi
1217 3845 1266 3895 cml·

103 3917 203 3967 tionem
221 3916 304 3965 ullam
324 3915 378 3966 rim
398 3917 497 3966 babere
515 3919 687 3980 negaverant.
725 3913 782 3966 Get.
800 3916 847 3965 III.
869 3913 929 3966 140.

138 3984 166 4051 3)
184 3987 212 4036 G.
232 3985 256 4036 2.
279 3986 308 4036 G.
326 3985 353 4048 4,
370 3983 405 4036 14
425 3984 434 4051 l
438 3987 472 4036 de
493 3987 606 4037 rescind.
625 3983 728 4050 vend).
828 3981 857 4050 4)
878 3989 920 4037 Pr.
938 3987 960 4037 Ι.
977 3987 1005 4038 h.
1023 3993 1043 4038 t.

138 4055 166 4123 b)
186 4059 276 4109 Verba
298 4073 320 4108 c.
340 4053 382 4108 17.
402 4058 430 4108 0.
447 4054 474 4120 4,
489 4057 525 4110 21
546 4054 593 4121 (de
611 4058 666 4108 fide
684 4053 939 4121 instrumentorum).

137 4127 165 4194 a)
184 4131 225 4180 aa
243 4129 285 4180 ma
304 4129 425 4181 omasus
443 4130 490 4178 ea.
507 4127 570 4181 aa.
589 4146 629 4194 pr.
648 4127 729 4186 §.aa
748 4126 981 4182 anomalae.
1001 4125 1137 4180 meaa.
1154 4106 1260 4190 „pat

138 4197 165 4265 7)
186 4201 228 4252 nr.
247 4199 271 4251 o.
290 4201 317 4250 an
334 4202 352 4250 f.
377 4202 410 4250 n.
432 4198 462 4260 1,
481 4198 515 4250 ae
544 4198 589 4264 (aa
608 4200 677 4249 offic.
698 4197 841 4266 precone).
867 4202 900 4252 a.
916 4198 960 4251 46.
987 4199 1010 4259 §-
1029 4200 1054 4252 2.
1079 4201 1113 4250 o.
1129 4193 1176 4258 49,
1192 4177 1261 4247 116ο

104 4274 160 4322 iure
181 4269 257 4337 fisci).
276 4274 307 4322 fr.
327 4269 352 4323 8.
370 4288 409 4337 pr.
430 4273 462 4320 Ι).
481 4266 525 4332 49,
544 4269 577 4322 16
599 4266 644 4335 (de
664 4286 692 4320 re
711 4267 837 4336 militari).
857 4273 888 4322 fr.
907 4269 951 4322 46.
970 4269 1013 4323 62.
1032 4273 1067 4323 D.
1086 4271 1149 4321 nt
1222 4320 1245 4340 .·

139 4338 166 4407 8)
185 4344 228 4393 Fr.
247 4341 289 4395 34.
312 4342 335 4401 ἓ.
354 4339 379 4394 7.
408 4343 442 4392 Ι).
462 4342 489 4391 11.
508 4345 525 4391 t.
557 4358 579 4391 c.
599 4339 623 4392 b.
645 4341 674 4392 O.
693 4343 720 4392 h.
739 4347 757 4392 t.
795 4343 908 4395 Tutores
927 4346 1036 4405 temen,
1060 4331 1261 4409 quibusadntffll

105 4414 182 4463 tratio
199 4415 306 4465 decreta
325 4429 379 4465 non
398 4417 448 4470 est,
466 4417 594 4480 tanquam
604 4414 734 4475 extranei,
754 4418 825 4469 recte
845 4429 861 4463 a
879 4415 980 4481 pupillo
1000 4428 1093 4467 emere
1100 4408 1206 4480 possunt·
1219 4385 1259 4448 116·

105 4484 139 4533 Ι).
158 4482 201 4547 26,
219 4484 236 4536 8
256 4483 303 4551 (de
320 4491 391 4538 auct.
410 4482 479 4549 tut).
