2804 4966
139 289 193 346 224
454 298 655 337 rnsrrrurrosss
675 300 748 336 rums
768 300 872 339 nostru
891 298 1010 340 rnrvnrr.

141 430 198 491 vili
222 446 293 491 esse
316 430 512 505 constitutas,
538 435 590 491 aut
607 447 647 490 ex
663 430 736 491 iure
754 430 900 509 praetorio
915 428 1122 506 descendere,
1144 436 1198 493 aut
1212 450 1273 512 per
1288 435 1349 496 im-

136 536 315 611 peratorum
340 530 580 589 constitutiones
604 529 810 609 comprobari,
833 532 892 590 iam
904 525 999 608 supra
1013 532 1166 593 monimus
1183 532 1227 618 (§·
1240 533 1346 623 760.).

179 634 209 713 g.
225 630 295 694 tuo.
341 629 413 690 lure
436 627 523 689 civili
547 627 757 711 obligationes
781 635 954 693 nascuntur
975 630 1028 692 vel
1051 649 1090 692 ex
1109 639 1278 697 contractu
1294 644 1347 704 vel

138 748 177 790 ex
197 728 362 807 malelicio,
389 729 440 791 vel
460 749 499 790 ex
520 733 618 793 variis
641 748 806 792 cansarum
828 730 938 814 liguris
951 732 989 822 1).
1029 731 1217 796 Contractus
1240 739 1349 821 omnis·

137 832 305 894 conventio
332 830 527 912 appellatur,
560 850 600 893 ex
622 849 682 911 qua
706 835 808 894 veteri
832 833 901 894 iure
926 833 1013 895 civili
1035 838 1116 898 actio
1138 842 1244 916 potest
1273 856 1345 901 mo-

135 933 222 1005 veri3
248 949 348 1012 caqire
373 931 424 993 vel
447 935 477 994 in
501 937 661 1014 proprium
683 953 795 998 nomen
818 936 1000 1014 descendit,
1034 938 1086 1000 vel
1110 956 1236 1003 causam
1261 960 1344 1003 con-

135 1034 229 1115 tinet,
255 1053 294 1094 ex
316 1053 377 1115 qua
403 1038 474 1116 quis
497 1037 566 1098 iure
593 1038 679 1099 civili
702 1038 912 1123 obligaturi).
982 1098 985 1103 ,

178 1134 294 1213 §.tta
338 1133 569 1216 Antiquissima
598 1140 667 1200 iure
696 1157 825 1202 romano
856 1159 896 1202 ex
924 1139 1058 1221 simplici
1086 1142 1232 1222 pactione
1260 1141 1348 1203 nulla

137 1237 300 1298 oriebatur
324 1238 493 1322 obligatio,
525 1244 586 1304 nisi
609 1248 663 1303 aut
683 1243 791 1304 verbis
814 1240 985 1322 conceptis
999 1242 1174 1305 solemnive
1198 1239 1348 1316 formula,

134 1341 188 1398 aut
218 1336 332 1400 litteris
365 1340 479 1420 aliquis
510 1344 713 1421 promiserat,
745 1348 799 1404 ant
826 1343 1058 1423 praestationem
1087 1339 1275 1421 recipiendo
1311 1357 1349 1402 se

134 1436 227 1501 alteri
249 1440 342 1504 dandi
364 1444 416 1505 vel
440 1444 577 1508 faciendi
601 1448 792 1508 necessitate
814 1444 1079 1530 adstrinxeratl).

176 1539 260 1601 Talis
285 1547 455 1607 conventio
466 1551 644 1609 contractus
658 1545 832 1622 dicebatur,
856 1564 924 1608 oum
940 1544 1044 1607 civilis
1066 1541 1231 1624 obligandi
1249 1560 1349 1607 causa

136 1641 165 1702 ei
188 1641 324 1719 inesset,
347 1644 516 1707 verborum
539 1645 662 1708 scilicet
682 1644 872 1721 solennitas,
902 1643 1095 1723 estfactum
1116 1644 1345 1723 praestationis.

136 1742 248 1805 Postea
270 1749 431 1823 receptum
453 1751 512 1820 est,
534 1751 567 1805 ut
587 1751 619 1806 et
634 1747 759 1809 nomine
773 1746 890 1824 scripto
907 1747 1075 1806 constituta
1093 1744 1250 1826 obligatio
1267 1764 1350 1809 con-

133 1844 278 1906 trahendi
302 1847 365 1906 vim
388 1845 528 1907 baberet.
572 1847 675 1908 Aucto
689 1845 826 1926 denique
845 1846 1038 1907 commercio
1055 1850 1086 1906 et
1102 1845 1260 1927 ampliatis
1274 1848 1350 1908 vita

135 1945 240 2007 civilis
261 1947 448 2022 rationibus,
473 1954 627 2027 praecepta
650 1948 729 2008 iuris
752 1947 893 2029 gentium
908 1950 1035 2024 recepta
1053 1950 1138 2019 sunt,
1162 1952 1194 2008 et
1208 1947 1349 2026 quibus-

133 2045 202 2109 dam
226 2050 255 2108 in
281 2051 385 2110 causis
409 2067 448 2110 ex
478 2049 560 2112 nuda
590 2051 799 2112 conventione
830 2037 981 2130 obli'gatio
1012 2046 1118 2110 civilis
1152 2048 1348 2135 admissa4).

134 2148 211 2210 lnde
226 2150 341 2213 facturn
357 2159 416 2228 est,
429 2159 463 2214 ut
478 2153 681 2216 classicorum
695 2152 1002 2227 iurisconsultorum,
1015 2150 1115 2213 veluti
1125 2151 1193 2212 Gaii
1205 2155 1299 2213 atate
1310 2150 1348 2232 δ),

138 2256 274 2328 quatuor
296 2253 396 2315 modis
417 2253 560 2315 contrabi
581 2272 675 2333 posse
699 2253 886 2328 doceretur,
906 2252 1041 2315 'scilicet
1062 2275 1110 2327 aa,
1133 2275 1251 2328 vensis,
1275 2273 1348 2314 mr-

133 2373 229 2428 rnars,
253 2373 423 2427 consanam
456 2372 525 2434 que
549 2354 708 2416 distinctio
733 2357 824 2416 etiarn
849 2356 880 2415 in
903 2354 1076 2414 novissimo
1099 2354 1171 2413 iure
1198 2369 1344 2426 romano,

133 2455 278 2531 tanquam
300 2472 418 2517 summa
440 2462 655 2518 contractuum
679 2456 805 2532 divisio,
828 2458 953 2517 servata
976 2458 1024 2515 est
1036 2454 1077 2539 6).

175 2555 205 2633 §-
219 2553 290 2617 118.
335 2554 475 2638 Reliquae
495 2558 733 2634 conventiones,
756 2557 789 2617 in
811 2555 925 2635 quibus
947 2553 1035 2616 nulla
1057 2551 1215 2616 eiusmodi
1236 2552 1342 2614 civilis

134 2723 331 2738 ———-——-

170 2825 199 2895 1)
221 2830 244 2890 ἓ.
263 2829 287 2882 1.
305 2831 327 2882 Ι.
345 2831 370 2895 3,
389 2830 422 2884 13
441 2829 489 2897 (de
508 2827 584 2895 obl).
603 2833 635 2884 fr.
656 2830 679 2881 1.
702 2849 740 2897 pr.
759 2831 791 2880 D.
810 2825 854 2892 44,
875 2826 891 2879 7
914 2827 962 2895 (de
981 2802 1035 2877 obl.
1054 2831 1080 2878 et
1098 2821 1171 2893 aot).

168 2897 196 2965 2)
217 2903 260 2952 Fr.
280 2899 304 2953 7.
324 2903 347 2962 ἓ.
360 2903 384 2953 1.
400 2902 424 2954 2.
442 2901 469 2954 4.
488 2905 521 2953 D.
530 2900 555 2964 2,
576 2900 609 2954 13
632 2896 795 2969 (depactis).
814 2898 895 2952 1149.
914 2895 1026 2960 1).15,1
1046 2892 1234 2964 (depecullo).
1255 2899 1287 2949 fr.
1299 2891 1339 2948 15.

134 2971 167 3021 D.
186 2970 229 3034 19,
248 2971 265 3024 5
285 2971 294 3032 (
299 2974 332 3025 de
350 2991 453 3039 prescr.
472 2971 568 3038 verb).

170 3037 199 3104 3)
218 3045 406 3112 Antiquissima
427 3046 555 3097 solemnis
572 3041 748 3094 contrahendi
765 3043 852 3092 forma
871 3041 944 3107 apud
963 3041 1099 3090 Romanos
1117 3044 1188 3092 neas·
1205 3039 1223 3093 1.
1234 3055 1258 3092 e.
1277 3043 1339 3092 cara’s

133 3116 201 3165 neni
218 3113 290 3165 datio
307 3118 390 3167 fuisse
409 3116 521 3167 videtur.
560 3116 665 3165 Nexum
689 3113 835 3174 dicebatur,
859 3112 933 3180 quod
951 3128 998 3178 per
1016 3126 1050 3161 es
1068 3114 1095 3161 et
1112 3107 1210 3160 libram
1230 3110 1338 3177 gereba-

132 3185 182 3243 tur,
204 3190 232 3235 nt
251 3187 310 3252 quis
330 3188 503 3252 obligaretur,
522 3191 697 3254 preterquam
716 3183 914 3248 manciparetur
931 3180 1040 3248 (Venno
1061 3180 1096 3232 de
1114 3180 1223 3247 Lingua
1242 3181 1338 3234 Latin·

132 3253 192 3304 VII.
212 3253 236 3307 5.
259 3256 281 3315 ἐ.
297 3255 357 3309 105.
385 3259 485 3306 Fnsrue
506 3253 664 3320 v.Nexum).
700 3255 761 3320 Ipse
781 3254 886 3305 debitor
902 3269 990 3305 nexus
1007 3252 1165 3316 vocabatur,
1184 3268 1246 3303 cum
1266 3254 1338 3321 dam·

134 3340 183 3377 nas
202 3333 271 3378 esset
290 3328 354 3380 dare
374 3333 400 3381 et
418 3345 455 3380 ex
464 3329 539 3395 Lege
559 3338 599 3373 ΧΗ
611 3327 739 3377 Tabulas.
759 3341 775 3374 a
795 3326 925 3377 creditore
942 3341 990 3391 per
1008 3324 1037 3375 in
1054 3330 1142 3370 ssttttt
1162 3329 1337 3370 111110110111

133 3398 192 3461 cogi
211 3403 239 3449 et
255 3401 325 3449 necti
341 3401 358 3451 1.
367 3417 389 3452 e.
410 3401 495 3453 donec
516 3401 629 3452 solveret
646 3400 673 3449 in
692 3397 804 3448 vinculis
822 3397 914 3459 teneri,
933 3397 1013 3447 immo
1034 3394 1119 3445 sinon
1137 3394 1214 3447 lieret
1232 3395 1337 3456 solutio,

132 3472 205 3519 trans
225 3471 342 3521 Tiberim
361 3473 389 3522 in
411 3474 563 3524 servitutem
583 3470 665 3521 rendi
683 3473 780 3535 posset.
817 3469 868 3519 Per
891 3469 979 3534 legem
1001 3466 1150 3518 Poeteliam
1171 3481 1196 3517 a.
1214 3462 1338 3518 418.τώ

131 3535 295 3592 4411111111
314 3549 414 3595 certum
433 3551 487 3605 est,
508 3542 663 3608 utpecuniae
683 3539 788 3591 credite
805 3540 879 3591 bona
900 3539 1047 3589 debitorum
1064 3553 1119 3587 non
1139 3553 1238 3603 corpus
1257 3536 1338 3588 obno-

133 3611 207 3660 xium
220 3618 322 3676 essent3
340 3615 404 3666 inde
423 3616 485 3667 nexi
494 3614 574 3666 soluti
594 3619 621 3664 et
638 3617 774 3672 statutum,
794 3627 827 3663 ne
846 3615 1023 3661 necterentur.
1060 3607 1166 3660 Sensim
1184 3609 1337 3674 paullatim-

133 3698 184 3748 que
204 3685 260 3734 haeo
280 3687 421 3750 pecuniam
441 3686 568 3738 credendi
585 3687 670 3736 forma
691 3699 727 3733 ex
744 3697 793 3732 usu
817 3683 934 3733 recessit
956 3707 987 3717 -
1007 3680 1060 3731 011.
1074 3680 1233 3730 Ciceronem
1255 3679 1289 3732 de
1301 3679 1338 3729 ot-

131 3753 201 3805 ficiis
218 3756 265 3805 Ill.
284 3754 326 3808 16.
346 3759 407 3808 Aul.
427 3758 496 3809 Gall.
514 3757 573 3808 XX.
593 3756 618 3808 1.
643 3756 748 3806 Livium
767 3753 839 3804 VIII.
859 3751 901 3804 28.
938 3751 1075 3818 Scripsere
1096 3750 1218 3802 deuexo
1241 3750 1338 3802 doctis·

133 3824 192 3874 simi
210 3827 258 3877 viri
278 3829 310 3877 ata
322 3829 438 3881 Schewrl
455 3825 559 3894 (1839),
578 3830 608 3881 0.
620 3829 681 3878 eeu
698 3821 801 3892 (1840),
819 3825 964 3889 Bocbofen
975 3820 1078 3888 (1843),
1096 3817 1337 3887 Hecatonem).

133 3895 186 3946 cn.
205 3903 332 3962 praeterea
356 3917 380 3949 a.
405 3901 534 3964 Sebeort,
559 3898 703 3950 Lebrbacb
733 3896 781 3947 cler
806 3895 1003 3948 Instituts'onen
1025 3890 1280 3952 smannens.
1308 3894 1337 3945 0.

135 3966 254 4088 1111211111,
280 3969 378 4022 Lebrt.
406 3974 454 4022 ater
475 3970 673 4024 Insts'tota'ooen
692 3985 735 4034 pp.
750 3964 792 4018 82.
812 3972 838 4018 et
856 3962 917 4019 309.
940 3970 966 4017 et
986 3964 1106 4032 Moysis,
1133 3962 1281 4019 Elementa
1303 3963 1336 4016 11.

131 4056 149 4106 P
167 4106 196 4174 4)
217 4112 253 4161 Hi
270 4112 334 4161 iuris
354 4111 472 4176 gentium
492 4111 660 4177 appellantur
680 4115 838 4161 contractus.
857 4109 888 4161 11.
910 4105 935 4158 5.
955 4109 986 4158 11.
1006 4101 1031 4158 7.
1050 4123 1088 4173 pr.
1109 4103 1131 4164 ἓ.
1151 4103 1178 4156 1.
1206 4107 1241 4158 D.
1263 4104 1337 4171 2,14

134 4176 182 4244 (tit.
202 4180 348 4247 eit.).tr.1.
369 4181 391 4241 ἓ.
399 4181 423 4234 2.
438 4185 471 4232 D.
494 4181 536 4244 18,
556 4181 570 4232 1
591 4178 638 4246 (de
660 4187 728 4232 cont.
748 4178 831 4246 emt).
850 4185 882 4233 11.
891 4178 915 4232 5.
934 4181 967 4229 D.
988 4176 1044 4242 1,1
1064 4175 1192 4242 (doinst.
1213 4184 1242 4231 et
1259 4177 1336 4244 iure).

131 4251 270 4309 Vocantur
288 4256 369 4305 etiam
393 4252 615 4322 synalagmatici,
634 4253 707 4321 quod
727 4255 797 4307 ultro
815 4255 934 4322 citroque
953 4250 1082 4319 obligant,
1100 4254 1127 4300 et
1145 4249 1336 4319 onrcttcypsn

133 4329 301 4379 constituunt.

168 4393 185 4446 5
218 4399 277 4450 Gai.
297 4398 360 4449 Inst.
380 4413 473 4450 comm.
492 4395 517 4448 3.
538 4396 560 4456 ἓ.
582 4393 625 4447 88.
643 4396 674 4446 11.
694 4393 718 4446 1.
739 4397 772 4446 D.
789 4390 869 4459 44‚7
891 4391 939 4461 (de
958 4393 990 4444 Ο.
1008 4386 1109 4455 111.)
1167 4459 1171 4467 ,

168 4463 184 4516 6
215 4462 591 4534 §.1.1.3,13(deob1.).
