2804 4966
543 274 794 318 unnnnmncnnur.
1216 247 1282 325 248¹

60 422 283 469 suscessorem
297 404 377 480 eius,
398 403 456 466 sed
469 405 550 466 intro
563 405 666 468 solum
676 406 838 469 biennium
854 409 1057 470 continuum:
1082 425 1145 490 quo
1160 409 1269 491 elapso

60 508 151 570 nullo
173 503 269 568 monio
292 502 423 584 querele
446 521 507 566 non
529 511 698 582 numcpntae
719 508 861 585 pecuniae
884 508 1047 570 introduci
1068 515 1176 590 posset
1190 509 1227 594 ¹).

101 606 223 690 §.842
268 605 304 666 ln
325 603 435 666 samm
460 606 683 667 constitutione
708 609 890 688 precipitur
918 609 1141 671 securitatibus
1174 627 1271 691 super

63 707 277 771 solutionibus
298 706 446 786 praestitis
469 707 665 785 conscriptis,
690 708 721 767 in
745 709 859 786 quibus
878 712 1053 772 numeratio
1064 712 1269 789 pecuniarum

10 808 12 839 ²
64 808 116 871 vel
139 813 299 870 cenorum
320 808 497 886 specierum
520 808 635 888 scriptu
660 814 718 884 est,
741 811 820 869 intra
846 810 975 891 triginta
998 815 1114 872 tentum
1128 810 1270 874 diesen-

65 911 245 991 ceptionem
266 925 330 970 non
352 913 522 969 numerate
543 910 686 988 pecuniae
708 927 802 989 posse
828 911 933 971 obiici.

102 1009 253 1088 Denique
276 1026 315 1070 ox
335 1007 407 1070 aliis
429 1006 592 1070 Iustiniani
615 1011 909 1087 constitutionibus,
934 1013 961 1073 si
984 1013 1054 1091 quis
1079 1011 1183 1073 dotem
1207 1013 1267 1074 sibi

63 1114 258 1173 numeratam
274 1126 350 1171 esse
362 1111 538 1189 scripserit,
563 1127 633 1188 quae
648 1117 806 1172 numerato
821 1129 883 1172 non
899 1117 957 1186 est,
984 1113 1162 1192 exceptioni
1177 1112 1266 1174 locus

62 1230 125 1274 non
146 1217 210 1287 est,
232 1216 306 1291 post
322 1227 439 1272 ¹nnnum
464 1229 480 1272 a
502 1211 710 1287 matrimonio,
736 1211 820 1290 quod
842 1230 905 1274 non
928 1211 1011 1274 ultra
1029 1212 1189 1274 biennium
1207 1213 1270 1274 du-

62 1317 211 1388 mverst,
239 1310 367 1385 soluto3
400 1315 471 1390 post
494 1316 560 1371 tros
584 1328 728 1386 menses,
759 1311 914 1374 dissoluto
936 1314 1152 1391 matrimonio,
1183 1313 1267 1393 quod

63 1415 144 1475 ultra
168 1413 344 1487 biennium,
367 1411 423 1473 sed
436 1412 561 1472 minime
584 1411 665 1473 ultre
683 1413 869 1475 decennium
884 1414 1055 1476 duraverat
1063 1435 1071 1490 3
1094 1423 1126 1477 et
1141 1418 1267 1479 omnino

63 1515 245 1595 exceptioni
268 1512 358 1574 locus
380 1518 532 1589 nonest,
555 1512 661 1576 soluto
683 1517 880 1593 matrimonio
901 1534 959 1596 per
982 1516 1167 1582 decennium
1189 1538 1269 1582 oon-

62 1614 239 1701 linuntol).

408 1802 478 1853 nnn.
495 1803 543 1854 Iu.
579 1805 629 1854 on
648 1803 880 1856 conuoosno
894 1802 925 1871 Β).

104 1941 135 2023 ᾗ.
152 1937 225 2002 843.
270 1936 316 1998 lle
331 1935 446 1998 deinde
463 1935 624 2016 perficitur
647 1937 883 2014 commodatum,
909 1938 993 2016 quod
1014 1938 1114 2016 adest,
1128 1941 1164 2002 'si
1183 1939 1269 2003 nullu

59 2037 210 2099 mercede
233 2042 361 2116 accepta
385 2036 437 2098 vel
461 2039 628 2098 constituto
652 2055 704 2099 res
724 2036 838 2103 utenda
861 2037 971 2115 (intur,
1003 2055 1072 2119 quae
1096 2037 1184 2103 linito
1206 2059 1267 2103 usu

58 2141 93 2200 in
115 2140 223 2219 specie
246 2139 434 2199 restituitur.
480 2137 539 2211 Qui
564 2157 630 2199 rcm
653 2139 799 2200 utendum
824 2139 886 2216 dot,
910 2141 1126 2218 commodans,
1163 2144 1190 2208 is
1214 2143 1264 2205 cui

58 2239 289 2315 commodatur,
313 2239 407 2302 hodie
429 2239 689 2301 commodatarius
712 2238 901 2320 appellatur.

105 2344 137 2422 ξ.
152 2340 223 2405 844.
270 2339 466 2401 Commodori
489 2356 597 2400 omnes
622 2357 674 2400 res
701 2345 844 2419 possunt,
868 2345 928 2402 tum
947 2338 1079 2401 mobiles
1101 2357 1191 2419 quom
1206 2339 1267 2403 soli

58 2458 129 2518 res,
152 2458 256 2522 neque
278 2446 379 2503 tumen
401 2441 444 2517 id,
469 2441 553 2521 quod
575 2457 635 2501 usu
658 2443 863 2515 consumitur,
887 2442 948 2502 nisi
967 2440 1048 2501 lorte
1072 2440 1109 2502 ad
1125 2458 1266 2521 pompam

59 2541 118 2604 vel
143 2544 180 2605 od
202 2544 442 2605 ostentationem
460 2544 531 2623 quis
546 2544 694 2623 accipiam
717 2545 790 2623 quio
808 2560 860 2604 res
874 2545 950 2623 ipsae
964 2544 1088 2604 restitui
1101 2541 1218 2605 debent
1227 2543 1267 2629 ⁴).

60 2643 162 2708 Nemo
179 2642 404 2707 commodando
418 2661 483 2705 rem
497 2642 665 2718 fonteius,
690 2645 740 2704 cui
753 2640 946 2718 commodnt,'
961 2660 1019 2704 nec
1032 2646 1267 2722 possessionem

60 2746 96 2805 in
124 2763 194 2807 eum
224 2743 385 2820 transient,
408 2743 466 2805 sed
492 2762 557 2806 rem
579 2744 725 2806 utendam
749 2750 866 2807 tantum
889 2743 1002 2818 trudit;
1033 2744 1117 2806 unde
1145 2746 1173 2807 si
1195 2762 1270 2808 casu

61 2846 198 2909 fortuito
216 2848 310 2925 perit,
333 2862 398 2906 enm
412 2843 554 2925 periculo
569 2844 791 2906 commodantis
813 2845 960 2925 periisse,
981 2844 1147 2908 dicendum
1170 2846 1269 2934 esti).

62 2946 243 3009 Gratuitum
266 2944 360 3007 debet
382 2962 453 3006 esse
475 2944 721 3020 commodatum3
750 2946 777 3007 si
800 2962 923 3008 merces
954 2946 1046 3008 datur
1071 2947 1123 3008 vel
1145 2949 1269 3011 consti-

64 3036 178 3122 tuitur,
202 3045 324 3107 locutus
345 3061 423 3107 usus
449 3062 520 3107 esse
541 3045 717 3132 videturi).

109 3149 142 3229 ξ.
157 3145 229 3213 845.
271 3145 317 3221 is,
343 3145 397 3224 qui
420 3163 487 3207 rem
508 3145 653 3209 utendum
677 3147 800 3226 accipit,
823 3165 893 3209 eum
908 3153 1024 3209 tontum
1043 3147 1089 3215 rei
1103 3162 1192 3207 usum
1208 3145 1271 3208 ¹bn-

65 3246 136 3322 bet,
159 3246 250 3307 cuius
271 3246 370 3329 grstia
395 3246 586 3308 commodato
612 3252 671 3322 est,
698 3248 775 3308 etsi
799 3248 830 3308 in
851 3246 945 3310 ulium
967 3264 1058 3309 usum
1082 3265 1147 3309 enm
1164 3251 1270 3307 trans-

64 3347 162 3423 ierat,
184 3345 303 3409 lurtum
327 3347 492 3408 committit
507 3345 544 3434 ⁷).
591 3345 722 3407 lubctur
743 3353 884 3410 exactum
905 3347 1099 3430 diligentiam
1122 3346 1170 3411 rei
1194 3360 1270 3407 cus-

103 3592 133 3660 1)
151 3593 243 3644 Verba
266 3594 461 3646 constitutionis
484 3591 526 3646 14.
544 3610 583 3660 pr.
603 3593 632 3644 0.
651 3593 678 3642 h.
698 3596 716 3642 t.
745 3593 789 3643 cfr.
809 3596 836 3642 st
854 3608 876 3642 c.
896 3587 920 3641 8.
937 3590 966 3641 0.
986 3591 1012 3641 h.
1031 3593 1049 3639 t.
1085 3589 1173 3639 Debet
1190 3588 1269 3655 igitur

64 3665 276 3732 ehirogrsphum
296 3665 439 3717 condicens
459 3666 533 3716 sintne
551 3665 702 3725 biennium,
727 3664 772 3730 qui
794 3667 895 3714 tamem
915 3662 1031 3727 scripsit,
1057 3660 1198 3726 pecuum
1218 3659 1268 3711 sibl

64 3733 423 3791 ossonumsrstsm.c.14.
443 3735 466 3795 §-
486 3733 512 3787 4.
533 3736 562 3787 0.
585 3735 646 3787 eod.
683 3735 849 3800 Exceptions
868 3734 992 3800 opposita
1015 3731 1186 3798 compellitur
1202 3733 1268 3798 μὴ’·

64 3819 112 3898 tor
129 3808 259 3875 probaro,
285 3813 452 3860 numsrstsm
471 3821 517 3858 nso
537 3808 619 3860 fuisse
637 3807 786 3872 pecuniam,
805 3821 857 3873 quo
876 3821 930 3857 non
947 3805 1055 3871 impleto
1074 3802 1208 3856 absolutio
1226 3817 1266 3854 ss-

65 3878 445 4016 ᾳῃὲῃᾎῗδςῦῗέωο
468 3948 530 4000 dots
549 3954 630 4000 cnuto
647 3964 703 3998 non
720 3941 881 4010 numerals).
919 3947 987 3999 Nor.
1003 3919 1068 4000 Ι166..
1087 3961 1109 3996 o.
1128 3944 1153 3998 1.
1172 3944 1197 3999 Ξ.

103 4021 121 4074 3
152 4021 176 4080 ἓ.
192 4020 217 4072 2.
234 4022 257 4072 1.
276 4018 302 4083 3,
320 4019 355 4073 14
372 4020 426 4084 (ut.
446 4016 509 4085 sit).
527 4022 561 4076 Ι).
581 4019 624 4083 18,
641 4018 666 4070 6.
688 4019 755 4072 cod.
773 4016 799 4082 4,
814 4017 854 4070 20
868 4015 919 4084 (dn
937 4015 1126 4083 commodato).

64 4094 146 4148 Pnul.
164 4099 261 4159 recept.
283 4098 349 4144 sent.
369 4093 403 4143 ll.
424 4089 450 4143 4.
488 4091 591 4158 Mapnn
608 4089 647 4154 §b
666 4088 824 4143 318.-—319.

73 4238 80 4252 .
102 4160 134 4230 4)
153 4165 197 4215 Fr.
215 4163 240 4214 3.
259 4162 282 4222 §-
297 4163 330 4235 6.ὶ
342 4165 376 4215 tn.
395 4161 420 4217 4.
439 4164 475 4214 t).
494 4163 521 4214 h.
536 4167 558 4213 t.
597 4162 736 4213 Habimno
762 4176 867 4230 quoque
885 4159 1054 4213 commodari
1076 4161 1170 4226 potest.
1190 4158 1221 4209 it.
1240 4154 1265 4206 1.

65 4240 91 4298 ⁵⁰
105 4237 136 4373 5¹5
156 4236 323 4366 influe.
337 4309 372 4358 n.
389 4304 416 4356 s.
433 4303 459 4356 s.
479 4307 511 4357 o.
532 4307 559 4356 n.
577 4310 596 4354 t.
696 4300 726 4368 s)
747 4303 770 4363 §-
790 4303 814 4356 2.
833 4305 853 4354 1.
873 4303 900 4353 u.
918 4308 937 4352 n.

105 4377 134 4445 7)
155 4377 179 4438 ἓ.
198 4374 223 4429 6.
242 4373 268 4426 7.
287 4375 353 4442 L4,
375 4375 389 4427 1
410 4373 457 4442 (ds
476 4377 557 4444 oblig.
577 4390 612 4428 ox
631 4373 748 4442 delicto).
766 4373 851 4427 bnlss.
871 4391 910 4440 pr.
930 4374 964 4421 D.
983 4372 1010 4421 h.
1028 4377 1047 4422 t.
1083 4369 1114 4422 In
1133 4365 1265 4420 eiusmodi
1370 4437 1372 4441 Ι

67 4465 139 4504 essu
158 4463 202 4502 res
220 4448 317 4501 utentb
334 4446 451 4516 periculo
470 4452 517 4500 est.
