<?xml version="1.0" encoding="UTF-8"?>
<!DOCTYPE html PUBLIC "-//W3C//DTD XHTML 1.0 Transitional//EN"
    "http://www.w3.org/TR/xhtml1/DTD/xhtml1-transitional.dtd">
<html xmlns="http://www.w3.org/1999/xhtml" xml:lang="en" lang="en">
 <head>
  <title>
</title>
<meta http-equiv="Content-Type" content="text/html;charset=utf-8" />
  <meta name='ocr-system' content='tesseract 3.04.00' />
  <meta name='ocr-capabilities' content='ocr_page ocr_carea ocr_par ocr_line ocrx_word'/>
</head>
<body>
  <div class='ocr_page' id='page_1' title='image "./institutionesiu00warngoog_0115.png"; bbox 0 0 2804 4966; ppageno 0'>
   <div class='ocr_carea' id='block_1_1' title="bbox 149 309 1025 364">
    <p class='ocr_par' dir='ltr' id='par_1_1' title="bbox 149 309 1025 364">
     <span class='ocr_line' id='line_1_1' title="bbox 149 309 1025 364; baseline 0.002 -11"><span class='ocrx_word' id='word_1_1' title='bbox 149 309 185 364; x_wconf 80' lang='grc'>98</span> <span class='ocrx_word' id='word_1_2' title='bbox 469 317 668 356; x_wconf 79' lang='lat' dir='ltr'>rusurrurronus</span> <span class='ocrx_word' id='word_1_3' title='bbox 688 317 763 355; x_wconf 83' lang='lat' dir='ltr'>sunm</span> <span class='ocrx_word' id='word_1_4' title='bbox 782 315 885 354; x_wconf 75' lang='lat' dir='ltr'>aouaur</span> <span class='ocrx_word' id='word_1_5' title='bbox 905 315 1025 356; x_wconf 72' lang='lat' dir='ltr'>ruinart.</span> 
     </span>
    </p>
   </div>
   <div class='ocr_carea' id='block_1_2' title="bbox 71 448 1360 3966">
    <p class='ocr_par' dir='ltr' id='par_1_2' title="bbox 147 448 1355 2045">
     <span class='ocr_line' id='line_1_2' title="bbox 152 448 1349 530; baseline -0.006 -16"><span class='ocrx_word' id='word_1_6' title='bbox 152 469 221 515; x_wconf 90' lang='lat' dir='ltr'>rern</span> <span class='ocrx_word' id='word_1_7' title='bbox 244 449 303 511; x_wconf 90' lang='lat' dir='ltr'>soli</span> <span class='ocrx_word' id='word_1_8' title='bbox 328 466 386 528; x_wconf 89' lang='lat' dir='ltr'>per</span> <span class='ocrx_word' id='word_1_9' title='bbox 406 448 565 511; x_wconf 86' lang='lat' dir='ltr'><strong>biennium</strong></span> <span class='ocrx_word' id='word_1_10' title='bbox 591 450 623 510; x_wconf 93' lang='lat' dir='ltr'>in</span> <span class='ocrx_word' id='word_1_11' title='bbox 647 449 738 511; x_wconf 92' lang='lat' dir='ltr'>bonis</span> <span class='ocrx_word' id='word_1_12' title='bbox 760 448 937 524; x_wconf 75' lang='lat' dir='ltr'>habuisset,</span> <span class='ocrx_word' id='word_1_13' title='bbox 966 467 1024 530; x_wconf 86' lang='lat' dir='ltr'>per</span> <span class='ocrx_word' id='word_1_14' title='bbox 1048 451 1130 511; x_wconf 88' lang='lat' dir='ltr'>bunc</span> <span class='ocrx_word' id='word_1_15' title='bbox 1152 464 1265 525; x_wconf 87' lang='lat' dir='ltr'>usum,</span> <span class='ocrx_word' id='word_1_16' title='bbox 1295 464 1349 510; x_wconf 89' lang='lat' dir='ltr'>scu</span> 
     </span>
     <span class='ocr_line' id='line_1_3' title="bbox 152 550 1349 634; baseline -0.001 -22"><span class='ocrx_word' id='word_1_17' title='bbox 152 569 210 630; x_wconf 90' lang='lat' dir='ltr'>per</span> <span class='ocrx_word' id='word_1_18' title='bbox 231 550 310 612; x_wconf 90' lang='lat' dir='ltr'>banc</span> <span class='ocrx_word' id='word_1_19' title='bbox 331 550 585 630; x_wconf 81' lang='lat' dir='ltr'>possessionem,</span> <span class='ocrx_word' id='word_1_20' title='bbox 616 567 669 612; x_wconf 89' lang='lat' dir='ltr'>eas</span> <span class='ocrx_word' id='word_1_21' title='bbox 691 567 730 612; x_wconf 87' lang='lat' dir='ltr'>ex</span> <span class='ocrx_word' id='word_1_22' title='bbox 753 552 822 612; x_wconf 91' lang='lat' dir='ltr'>iure</span> <span class='ocrx_word' id='word_1_23' title='bbox 847 550 1013 623; x_wconf 84' lang='lat' dir='ltr'>Quiritium</span> <span class='ocrx_word' id='word_1_24' title='bbox 1033 550 1092 611; x_wconf 92' lang='lat' dir='ltr'>sibi</span> <span class='ocrx_word' id='word_1_25' title='bbox 1114 551 1298 630; x_wconf 76' lang='lat' dir='ltr'>acquireret</span> <span class='ocrx_word' id='word_1_26' title='bbox 1312 550 1349 634; x_wconf 80' lang='lat'>¹),</span> 
     </span>
     <span class='ocr_line' id='line_1_4' title="bbox 151 650 1348 732; baseline 0.001 -22"><span class='ocrx_word' id='word_1_27' title='bbox 151 667 212 730; x_wconf 92' lang='lat' dir='ltr'>qua</span> <span class='ocrx_word' id='word_1_28' title='bbox 236 652 429 732; x_wconf 80' lang='lat' dir='ltr'>usucapione</span> <span class='ocrx_word' id='word_1_29' title='bbox 452 656 484 714; x_wconf 92' lang='lat' dir='ltr'>et</span> <span class='ocrx_word' id='word_1_30' title='bbox 505 653 549 728; x_wconf 88' lang='lat' dir='ltr'>is,</span> <span class='ocrx_word' id='word_1_31' title='bbox 575 652 629 731; x_wconf 92' lang='lat' dir='ltr'>qui</span> <span class='ocrx_word' id='word_1_32' title='bbox 651 650 731 713; x_wconf 90' lang='lat' dir='ltr'>bona</span> <span class='ocrx_word' id='word_1_33' title='bbox 756 651 815 713; x_wconf 92' lang='lat' dir='ltr'>lide</span> <span class='ocrx_word' id='word_1_34' title='bbox 841 669 906 712; x_wconf 91' lang='lat' dir='ltr'>rem</span> <span class='ocrx_word' id='word_1_35' title='bbox 931 671 948 714; x_wconf 93' lang='lat' dir='ltr'>a</span> <span class='ocrx_word' id='word_1_36' title='bbox 969 668 1032 713; x_wconf 93' lang='lat' dir='ltr'>non</span> <span class='ocrx_word' id='word_1_37' title='bbox 1055 651 1181 714; x_wconf 90' lang='lat' dir='ltr'>domino</span> <span class='ocrx_word' id='word_1_38' title='bbox 1205 650 1348 712; x_wconf 87' lang='lat' dir='ltr'>traditam</span> 
     </span>
     <span class='ocr_line' id='line_1_5' title="bbox 147 751 1349 833; baseline 0 -18"><span class='ocrx_word' id='word_1_39' title='bbox 147 751 291 829; x_wconf 87' lang='lat' dir='ltr'>habebat,</span> <span class='ocrx_word' id='word_1_40' title='bbox 317 752 484 815; x_wconf 90' lang='lat' dir='ltr'>dominium</span> <span class='ocrx_word' id='word_1_41' title='bbox 504 752 643 814; x_wconf 86' lang='lat' dir='ltr'>nancisci</span> <span class='ocrx_word' id='word_1_42' title='bbox 665 752 812 833; x_wconf 65' lang='lat' dir='ltr'>potuiti).</span> <span class='ocrx_word' id='word_1_43' title='bbox 856 751 967 814; x_wconf 79' lang='lat' dir='ltr'>Postea</span> <span class='ocrx_word' id='word_1_44' title='bbox 990 754 1198 832; x_wconf 85' lang='lat' dir='ltr'>imperatores</span> <span class='ocrx_word' id='word_1_45' title='bbox 1221 754 1273 830; x_wconf 88' lang='lat' dir='ltr'>iis,</span> <span class='ocrx_word' id='word_1_46' title='bbox 1299 755 1349 833; x_wconf 89' lang='lat' dir='ltr'>qul</span> 
     </span>
     <span class='ocr_line' id='line_1_6' title="bbox 148 853 1349 936; baseline -0.001 -19"><span class='ocrx_word' id='word_1_47' title='bbox 148 854 265 936; x_wconf 85' lang='lat' dir='ltr'>praedia</span> <span class='ocrx_word' id='word_1_48' title='bbox 287 855 504 934; x_wconf 78' lang='lat' dir='ltr'>provincialia,</span> <span class='ocrx_word' id='word_1_49' title='bbox 530 855 562 915; x_wconf 94' lang='lat' dir='ltr'>in</span> <span class='ocrx_word' id='word_1_50' title='bbox 584 853 698 934; x_wconf 90' lang='lat' dir='ltr'>quibus</span> <span class='ocrx_word' id='word_1_51' title='bbox 721 854 814 915; x_wconf 90' lang='lat' dir='ltr'>civile</span> <span class='ocrx_word' id='word_1_52' title='bbox 837 853 1005 915; x_wconf 90' lang='lat' dir='ltr'>dominium</span> <span class='ocrx_word' id='word_1_53' title='bbox 1027 857 1195 934; x_wconf 87' lang='lat' dir='ltr'>acquirere</span> <span class='ocrx_word' id='word_1_54' title='bbox 1212 873 1277 919; x_wconf 92' lang='lat' dir='ltr'>non</span> <span class='ocrx_word' id='word_1_55' title='bbox 1291 872 1349 936; x_wconf 96' lang='lat' dir='ltr'>po-</span> 
     </span>
     <span class='ocr_line' id='line_1_7' title="bbox 151 954 1350 1040; baseline 0.002 -22"><span class='ocrx_word' id='word_1_56' title='bbox 151 961 272 1032; x_wconf 68' lang='lat' dir='ltr'>terant*</span> <span class='ocrx_word' id='word_1_57' title='bbox 287 974 344 1036; x_wconf 89' lang='lat' dir='ltr'>per</span> <span class='ocrx_word' id='word_1_58' title='bbox 366 955 495 1037; x_wconf 90' lang='lat' dir='ltr'>longum</span> <span class='ocrx_word' id='word_1_59' title='bbox 518 961 641 1035; x_wconf 89' lang='lat' dir='ltr'>tempus</span> <span class='ocrx_word' id='word_1_60' title='bbox 661 954 876 1035; x_wconf 85' lang='lat' dir='ltr'>possidebant,</span> <span class='ocrx_word' id='word_1_61' title='bbox 899 956 1115 1035; x_wconf 79' lang='lat' dir='ltr'>exceptionem</span> <span class='ocrx_word' id='word_1_62' title='bbox 1141 956 1189 1040; x_wconf 79' lang='lat' dir='ltr'>(et</span> <span class='ocrx_word' id='word_1_63' title='bbox 1210 956 1350 1036; x_wconf 79' lang='lat' dir='ltr'>replica-</span> 
     </span>
     <span class='ocr_line' id='line_1_8' title="bbox 150 1054 1350 1144; baseline 0.003 -26"><span class='ocrx_word' id='word_1_64' title='bbox 150 1058 281 1144; x_wconf 84' lang='lat' dir='ltr'>tionem)</span> <span class='ocrx_word' id='word_1_65' title='bbox 307 1055 360 1118; x_wconf 89' lang='lat' dir='ltr'>vel</span> <span class='ocrx_word' id='word_1_66' title='bbox 383 1057 650 1137; x_wconf 79' lang='lat' dir='ltr'>praescriptionem</span> <span class='ocrx_word' id='word_1_67' title='bbox 675 1056 763 1138; x_wconf 86' lang='lat' dir='ltr'>longi</span> <span class='ocrx_word' id='word_1_68' title='bbox 785 1058 945 1136; x_wconf 91' lang='lat' dir='ltr'>temporis,</span> <span class='ocrx_word' id='word_1_69' title='bbox 969 1054 1021 1117; x_wconf 88' lang='lat' dir='ltr'>vel</span> <span class='ocrx_word' id='word_1_70' title='bbox 1044 1054 1149 1138; x_wconf 77' lang='lat' dir='ltr'>longo</span> <span class='ocrx_word' id='word_1_71' title='bbox 1166 1059 1350 1136; x_wconf 87' lang='lat' dir='ltr'>possessio-</span> 
     </span>
     <span class='ocr_line' id='line_1_9' title="bbox 150 1155 1351 1236; baseline 0.002 -18"><span class='ocrx_word' id='word_1_72' title='bbox 150 1159 198 1220; x_wconf 89' lang='lat' dir='ltr'>nis</span> <span class='ocrx_word' id='word_1_73' title='bbox 223 1157 350 1236; x_wconf 86' lang='lat' dir='ltr'>dedisse</span> <span class='ocrx_word' id='word_1_74' title='bbox 372 1157 530 1232; x_wconf 89' lang='lat' dir='ltr'>videntur,</span> <span class='ocrx_word' id='word_1_75' title='bbox 556 1174 593 1218; x_wconf 88' lang='lat' dir='ltr'>eo</span> <span class='ocrx_word' id='word_1_76' title='bbox 618 1155 745 1236; x_wconf 91' lang='lat' dir='ltr'>quidem</span> <span class='ocrx_word' id='word_1_77' title='bbox 759 1156 903 1232; x_wconf 88' lang='lat' dir='ltr'>consilio,</span> <span class='ocrx_word' id='word_1_78' title='bbox 926 1162 961 1217; x_wconf 94' lang='lat' dir='ltr'>ut</span> <span class='ocrx_word' id='word_1_79' title='bbox 977 1156 1130 1219; x_wconf 90' lang='lat' dir='ltr'>eiusmodi</span> <span class='ocrx_word' id='word_1_80' title='bbox 1144 1173 1351 1236; x_wconf 89' lang='lat' dir='ltr'>possessores</span> 
     </span>
     <span class='ocr_line' id='line_1_10' title="bbox 151 1256 1351 1338; baseline -0.002 -16"><span class='ocrx_word' id='word_1_81' title='bbox 151 1277 223 1322; x_wconf 88' lang='lat' dir='ltr'>sese</span> <span class='ocrx_word' id='word_1_82' title='bbox 247 1262 355 1320; x_wconf 88' lang='lat' dir='ltr'>contra</span> <span class='ocrx_word' id='word_1_83' title='bbox 387 1259 530 1338; x_wconf 91' lang='lat' dir='ltr'>quemvis</span> <span class='ocrx_word' id='word_1_84' title='bbox 559 1263 742 1320; x_wconf 86' lang='lat' dir='ltr'>extraneum</span> <span class='ocrx_word' id='word_1_85' title='bbox 774 1263 950 1319; x_wconf 90' lang='lat' dir='ltr'>tuerentur.</span> <span class='ocrx_word' id='word_1_86' title='bbox 996 1256 1084 1330; x_wconf 83' lang='lat' dir='ltr'>Quod</span> <span class='ocrx_word' id='word_1_87' title='bbox 1116 1259 1165 1319; x_wconf 91' lang='lat' dir='ltr'>ius</span> <span class='ocrx_word' id='word_1_88' title='bbox 1196 1260 1292 1320; x_wconf 87' lang='lat' dir='ltr'>etiam</span> <span class='ocrx_word' id='word_1_89' title='bbox 1321 1262 1351 1322; x_wconf 93' lang='lat' dir='ltr'>in</span> 
     </span>
     <span class='ocr_line' id='line_1_11' title="bbox 149 1357 1351 1442; baseline -0.001 -18"><span class='ocrx_word' id='word_1_90' title='bbox 149 1358 316 1423; x_wconf 92' lang='lat' dir='ltr'>mobilibus</span> <span class='ocrx_word' id='word_1_91' title='bbox 339 1359 435 1420; x_wconf 89' lang='lat' dir='ltr'>rebus</span> <span class='ocrx_word' id='word_1_92' title='bbox 462 1359 615 1436; x_wconf 87' lang='lat' dir='ltr'>obtinuit,</span> <span class='ocrx_word' id='word_1_93' title='bbox 640 1361 772 1421; x_wconf 84' lang='lat' dir='ltr'>maxime</span> <span class='ocrx_word' id='word_1_94' title='bbox 801 1377 859 1440; x_wconf 91' lang='lat' dir='ltr'>per</span> <span class='ocrx_word' id='word_1_95' title='bbox 879 1357 953 1421; x_wconf 88' lang='lat' dir='ltr'>Divi</span> <span class='ocrx_word' id='word_1_96' title='bbox 975 1358 1079 1442; x_wconf 85' lang='lat' dir='ltr'>Magni</span> <span class='ocrx_word' id='word_1_97' title='bbox 1103 1359 1257 1423; x_wconf 86' lang='lat' dir='ltr'>Antonini</span> <span class='ocrx_word' id='word_1_98' title='bbox 1280 1379 1351 1423; x_wconf 88' lang='lat' dir='ltr'>res-</span> 
     </span>
     <span class='ocr_line' id='line_1_12' title="bbox 152 1458 1352 1548; baseline 0.002 -26"><span class='ocrx_word' id='word_1_99' title='bbox 152 1461 251 1541; x_wconf 88' lang='lat' dir='ltr'>cripta</span> <span class='ocrx_word' id='word_1_100' title='bbox 269 1459 308 1548; x_wconf 79' lang='lat'><strong>⁸).</strong></span> <span class='ocrx_word' id='word_1_101' title='bbox 351 1458 410 1521; x_wconf 91' lang='lat' dir='ltr'>Per</span> <span class='ocrx_word' id='word_1_102' title='bbox 438 1461 678 1522; x_wconf 89' lang='lat' dir='ltr'>constitutiones</span> <span class='ocrx_word' id='word_1_103' title='bbox 709 1462 886 1541; x_wconf 90' lang='lat' dir='ltr'>principum</span> <span class='ocrx_word' id='word_1_104' title='bbox 909 1477 1036 1540; x_wconf 90' lang='lat' dir='ltr'>quoque</span> <span class='ocrx_word' id='word_1_105' title='bbox 1058 1465 1180 1524; x_wconf 87' lang='lat' dir='ltr'>eertum</span> <span class='ocrx_word' id='word_1_106' title='bbox 1201 1464 1352 1543; x_wconf 90' lang='lat' dir='ltr'>temporis</span> 
     </span>
     <span class='ocr_line' id='line_1_13' title="bbox 151 1559 1353 1644; baseline 0.003 -22"><span class='ocrx_word' id='word_1_107' title='bbox 151 1561 284 1641; x_wconf 91' lang='lat' dir='ltr'>spatium</span> <span class='ocrx_word' id='word_1_108' title='bbox 298 1559 325 1644; x_wconf 75' lang='grc'>4)</span> <span class='ocrx_word' id='word_1_109' title='bbox 347 1564 397 1622; x_wconf 90' lang='lat' dir='ltr'>est</span> <span class='ocrx_word' id='word_1_110' title='bbox 418 1559 587 1636; x_wconf 91' lang='lat' dir='ltr'>delinitum,</span> <span class='ocrx_word' id='word_1_111' title='bbox 611 1578 674 1641; x_wconf 93' lang='lat' dir='ltr'>quo</span> <span class='ocrx_word' id='word_1_112' title='bbox 696 1568 825 1642; x_wconf 90' lang='lat' dir='ltr'>peracto</span> <span class='ocrx_word' id='word_1_113' title='bbox 846 1562 1076 1641; x_wconf 76' lang='lat' dir='ltr'>praescriptioni</span> <span class='ocrx_word' id='word_1_114' title='bbox 1100 1561 1189 1625; x_wconf 91' lang='lat' dir='ltr'>locus</span> <span class='ocrx_word' id='word_1_115' title='bbox 1204 1580 1279 1626; x_wconf 87' lang='lat' dir='ltr'>esse</span> <span class='ocrx_word' id='word_1_116' title='bbox 1294 1581 1353 1644; x_wconf 92' lang='lat' dir='ltr'>po-</span> 
     </span>
     <span class='ocr_line' id='line_1_14' title="bbox 151 1649 1355 1742; baseline 0.003 -20"><span class='ocrx_word' id='word_1_117' title='bbox 151 1665 223 1722; x_wconf 88' lang='lat' dir='ltr'>test.</span> <span class='ocrx_word' id='word_1_118' title='bbox 270 1659 314 1721; x_wconf 87' lang='lat' dir='ltr'>lta</span> <span class='ocrx_word' id='word_1_119' title='bbox 341 1659 399 1721; x_wconf 90' lang='lat' dir='ltr'>hac</span> <span class='ocrx_word' id='word_1_120' title='bbox 421 1658 510 1742; x_wconf 89' lang='lat' dir='ltr'>longi</span> <span class='ocrx_word' id='word_1_121' title='bbox 533 1661 682 1741; x_wconf 87' lang='lat' dir='ltr'>temporis</span> <span class='ocrx_word' id='word_1_122' title='bbox 706 1662 944 1742; x_wconf 78' lang='lat' dir='ltr'>praescriptione</span> <span class='ocrx_word' id='word_1_123' title='bbox 964 1662 1015 1738; x_wconf 87' lang='lat' dir='ltr'>iis,</span> <span class='ocrx_word' id='word_1_124' title='bbox 1040 1664 1093 1741; x_wconf 91' lang='lat' dir='ltr'>qui</span> <span class='ocrx_word' id='word_1_125' title='bbox 1114 1662 1280 1726; x_wconf 87' lang='lat' dir='ltr'>vindlcare</span> <span class='ocrx_word' id='word_1_126' title='bbox 1302 1649 1355 1726; x_wconf 86' lang='lat' dir='ltr'>res</span> 
     </span>
     <span class='ocr_line' id='line_1_15' title="bbox 151 1759 1353 1843; baseline 0.003 -21"><span class='ocrx_word' id='word_1_127' title='bbox 151 1778 228 1824; x_wconf 86' lang='lat' dir='ltr'>suas</span> <span class='ocrx_word' id='word_1_128' title='bbox 249 1759 416 1838; x_wconf 86' lang='lat' dir='ltr'>volebant,</span> <span class='ocrx_word' id='word_1_129' title='bbox 444 1780 503 1823; x_wconf 90' lang='lat' dir='ltr'>nee</span> <span class='ocrx_word' id='word_1_130' title='bbox 526 1763 729 1842; x_wconf 89' lang='lat' dir='ltr'>usucapionis</span> <span class='ocrx_word' id='word_1_131' title='bbox 751 1762 869 1825; x_wconf 86' lang='lat' dir='ltr'>auxilio</span> <span class='ocrx_word' id='word_1_132' title='bbox 891 1764 935 1824; x_wconf 90' lang='lat' dir='ltr'>uti</span> <span class='ocrx_word' id='word_1_133' title='bbox 965 1768 1127 1843; x_wconf 88' lang='lat' dir='ltr'>poterant,</span> <span class='ocrx_word' id='word_1_134' title='bbox 1159 1763 1353 1826; x_wconf 84' lang='lat' dir='ltr'>satisfactum</span> 
     </span>
     <span class='ocr_line' id='line_1_16' title="bbox 152 1860 1353 1945; baseline 0.002 -23"><span class='ocrx_word' id='word_1_135' title='bbox 152 1867 219 1935; x_wconf 87' lang='lat' dir='ltr'>est;</span> <span class='ocrx_word' id='word_1_136' title='bbox 241 1860 297 1922; x_wconf 92' lang='lat' dir='ltr'>sed</span> <span class='ocrx_word' id='word_1_137' title='bbox 321 1878 412 1924; x_wconf 89' lang='lat' dir='ltr'>omne</span> <span class='ocrx_word' id='word_1_138' title='bbox 433 1863 483 1923; x_wconf 92' lang='lat' dir='ltr'>ius</span> <span class='ocrx_word' id='word_1_139' title='bbox 500 1862 592 1923; x_wconf 88' lang='lat' dir='ltr'>buius</span> <span class='ocrx_word' id='word_1_140' title='bbox 610 1863 857 1942; x_wconf 78' lang='lat' dir='ltr'>prescriptionis</span> <span class='ocrx_word' id='word_1_141' title='bbox 873 1864 1018 1942; x_wconf 82' lang='lat' dir='ltr'>aequitate</span> <span class='ocrx_word' id='word_1_142' title='bbox 1033 1865 1132 1945; x_wconf 89' lang='lat' dir='ltr'>magis</span> <span class='ocrx_word' id='word_1_143' title='bbox 1149 1865 1353 1938; x_wconf 86' lang='lat' dir='ltr'>consistebat,</span> 
     </span>
     <span class='ocr_line' id='line_1_17' title="bbox 153 1962 1264 2045; baseline 0.002 -21"><span class='ocrx_word' id='word_1_144' title='bbox 153 1980 222 2026; x_wconf 89' lang='lat' dir='ltr'>cum</span> <span class='ocrx_word' id='word_1_145' title='bbox 249 1965 399 2044; x_wconf 88' lang='lat' dir='ltr'>usuca-pio</span> <span class='ocrx_word' id='word_1_146' title='bbox 421 1963 459 2025; x_wconf 90' lang='lat' dir='ltr'>ad</span> <span class='ocrx_word' id='word_1_147' title='bbox 482 1965 622 2025; x_wconf 90' lang='lat' dir='ltr'>strictam</span> <span class='ocrx_word' id='word_1_148' title='bbox 644 1965 722 2025; x_wconf 90' lang='lat' dir='ltr'>iuris</span> <span class='ocrx_word' id='word_1_149' title='bbox 746 1962 851 2025; x_wconf 90' lang='lat' dir='ltr'>civilis</span> <span class='ocrx_word' id='word_1_150' title='bbox 874 1982 1013 2026; x_wconf 91' lang='lat' dir='ltr'>normam</span> <span class='ocrx_word' id='word_1_151' title='bbox 1036 1964 1264 2045; x_wconf 54' lang='lat' dir='ltr'>procederet(</span> 
     </span>
    </p>

    <p class='ocr_par' dir='ltr' id='par_1_3' title="bbox 80 2064 1356 2753">
     <span class='ocr_line' id='line_1_18' title="bbox 195 2064 1354 2146; baseline 0 -19"><span class='ocrx_word' id='word_1_152' title='bbox 195 2067 224 2146; x_wconf 64' lang='grc' dir='ltr'>ξ.</span> <span class='ocrx_word' id='word_1_153' title='bbox 236 2064 309 2130; x_wconf 77' lang='grc'><strong>352.</strong></span> <span class='ocrx_word' id='word_1_154' title='bbox 354 2064 544 2127; x_wconf 88' lang='lat' dir='ltr'>Iustinianus</span> <span class='ocrx_word' id='word_1_155' title='bbox 557 2066 705 2146; x_wconf 90' lang='lat' dir='ltr'>denique,</span> <span class='ocrx_word' id='word_1_156' title='bbox 729 2084 797 2129; x_wconf 92' lang='lat' dir='ltr'>eum</span> <span class='ocrx_word' id='word_1_157' title='bbox 819 2066 1004 2128; x_wconf 90' lang='lat' dir='ltr'>sustulisset</span> <span class='ocrx_word' id='word_1_158' title='bbox 1018 2067 1186 2129; x_wconf 89' lang='lat' dir='ltr'>discrimen</span> <span class='ocrx_word' id='word_1_159' title='bbox 1203 2071 1290 2130; x_wconf 85' lang='lat' dir='ltr'>inter</span> <span class='ocrx_word' id='word_1_160' title='bbox 1307 2070 1354 2130; x_wconf 91' lang='lat' dir='ltr'>ius</span> 
     </span>
     <span class='ocr_line' id='line_1_19' title="bbox 152 2165 1355 2252; baseline 0.002 -25"><span class='ocrx_word' id='word_1_161' title='bbox 152 2166 317 2239; x_wconf 82' lang='lat' dir='ltr'>Quiritium</span> <span class='ocrx_word' id='word_1_162' title='bbox 336 2170 367 2227; x_wconf 87' lang='lat' dir='ltr'>et</span> <span class='ocrx_word' id='word_1_163' title='bbox 386 2165 667 2245; x_wconf 89' lang='lat' dir='ltr'>reliquasdominii</span> <span class='ocrx_word' id='word_1_164' title='bbox 693 2165 825 2242; x_wconf 81' lang='lat' dir='ltr'>lorinus,</span> <span class='ocrx_word' id='word_1_165' title='bbox 850 2169 942 2229; x_wconf 90' lang='lat' dir='ltr'>etiam</span> <span class='ocrx_word' id='word_1_166' title='bbox 965 2169 1187 2248; x_wconf 87' lang='lat' dir='ltr'>usucapionem</span> <span class='ocrx_word' id='word_1_167' title='bbox 1211 2175 1244 2230; x_wconf 90' lang='lat' dir='ltr'>et</span> <span class='ocrx_word' id='word_1_168' title='bbox 1264 2168 1355 2252; x_wconf 88' lang='lat' dir='ltr'>longi</span> 
     </span>
     <span class='ocr_line' id='line_1_20' title="bbox 153 2266 1355 2356; baseline 0.002 -28"><span class='ocrx_word' id='word_1_169' title='bbox 153 2269 304 2348; x_wconf 89' lang='lat' dir='ltr'>temporis</span> <span class='ocrx_word' id='word_1_170' title='bbox 324 2269 742 2347; x_wconf 75' lang='lat' dir='ltr'>praescriptionemmutavit,</span> <span class='ocrx_word' id='word_1_171' title='bbox 767 2266 1015 2354; x_wconf 81' lang='lat' dir='ltr'>(Cod.Lib.Vll.</span> <span class='ocrx_word' id='word_1_172' title='bbox 1031 2268 1089 2330; x_wconf 88' lang='lat' dir='ltr'>Tit.</span> <span class='ocrx_word' id='word_1_173' title='bbox 1101 2269 1169 2356; x_wconf 86' lang='grc'>31.)</span> <span class='ocrx_word' id='word_1_174' title='bbox 1192 2275 1355 2334; x_wconf 89' lang='lat' dir='ltr'>statuens:</span> 
     </span>
     <span class='ocr_line' id='line_1_21' title="bbox 152 2365 1356 2449; baseline 0 -18"><span class='ocrx_word' id='word_1_175' title='bbox 152 2375 196 2447; x_wconf 87' lang='lat' dir='ltr'>ut,</span> <span class='ocrx_word' id='word_1_176' title='bbox 220 2370 400 2449; x_wconf 88' lang='lat' dir='ltr'>quicunque</span> <span class='ocrx_word' id='word_1_177' title='bbox 422 2385 487 2430; x_wconf 90' lang='lat' dir='ltr'>rem</span> <span class='ocrx_word' id='word_1_178' title='bbox 510 2367 655 2430; x_wconf 88' lang='lat' dir='ltr'>mobilem</span> <span class='ocrx_word' id='word_1_179' title='bbox 672 2387 731 2448; x_wconf 89' lang='lat' dir='ltr'>per</span> <span class='ocrx_word' id='word_1_180' title='bbox 747 2365 926 2446; x_wconf 85' lang='lat' dir='ltr'>triennium,</span> <span class='ocrx_word' id='word_1_181' title='bbox 948 2369 1136 2432; x_wconf 91' lang='lat' dir='ltr'>immobilem</span> <span class='ocrx_word' id='word_1_182' title='bbox 1151 2375 1256 2432; x_wconf 89' lang='lat' dir='ltr'>autem</span> <span class='ocrx_word' id='word_1_183' title='bbox 1274 2371 1356 2432; x_wconf 89' lang='lat' dir='ltr'>inter</span> 
     </span>
     <span class='ocr_line' id='line_1_22' title="bbox 80 2469 1355 2552; baseline 0.001 -19"><span class='ocrx_word' id='word_1_184' title='bbox 80 2536 81 2539; x_wconf 63' lang='grc'>,</span> <span class='ocrx_word' id='word_1_185' title='bbox 152 2474 324 2552; x_wconf 85' lang='lat' dir='ltr'>praesentes</span> <span class='ocrx_word' id='word_1_186' title='bbox 347 2487 406 2550; x_wconf 88' lang='lat' dir='ltr'>per</span> <span class='ocrx_word' id='word_1_187' title='bbox 429 2469 548 2545; x_wconf 87' lang='lat' dir='ltr'>decem,</span> <span class='ocrx_word' id='word_1_188' title='bbox 572 2471 655 2532; x_wconf 90' lang='lat' dir='ltr'>iuter</span> <span class='ocrx_word' id='word_1_189' title='bbox 678 2469 826 2532; x_wconf 90' lang='lat' dir='ltr'>absentes</span> <span class='ocrx_word' id='word_1_190' title='bbox 852 2488 910 2549; x_wconf 89' lang='lat' dir='ltr'>per</span> <span class='ocrx_word' id='word_1_191' title='bbox 932 2470 1047 2552; x_wconf 87' lang='lat' dir='ltr'>viginti</span> <span class='ocrx_word' id='word_1_192' title='bbox 1068 2485 1183 2545; x_wconf 78' lang='lat' dir='ltr'>annoS,</span> <span class='ocrx_word' id='word_1_193' title='bbox 1209 2487 1251 2532; x_wconf 83' lang='lat' dir='ltr'>ex</span> <span class='ocrx_word' id='word_1_194' title='bbox 1272 2472 1355 2534; x_wconf 86' lang='lat' dir='ltr'>iusta</span> 
     </span>
     <span class='ocr_line' id='line_1_23' title="bbox 153 2569 1356 2652; baseline 0.002 -19"><span class='ocrx_word' id='word_1_195' title='bbox 153 2588 246 2635; x_wconf 90' lang='lat' dir='ltr'>causa</span> <span class='ocrx_word' id='word_1_196' title='bbox 270 2576 301 2632; x_wconf 89' lang='lat' dir='ltr'>et</span> <span class='ocrx_word' id='word_1_197' title='bbox 320 2570 402 2633; x_wconf 89' lang='lat' dir='ltr'>bona</span> <span class='ocrx_word' id='word_1_198' title='bbox 425 2569 487 2632; x_wconf 88' lang='lat' dir='ltr'>lide</span> <span class='ocrx_word' id='word_1_199' title='bbox 500 2572 648 2639; x_wconf 89' lang='lat' dir='ltr'>continue</span> <span class='ocrx_word' id='word_1_200' title='bbox 663 2571 869 2651; x_wconf 87' lang='lat' dir='ltr'>possedisset,</span> <span class='ocrx_word' id='word_1_201' title='bbox 895 2576 966 2652; x_wconf 87' lang='lat' dir='ltr'>post</span> <span class='ocrx_word' id='word_1_202' title='bbox 981 2571 1040 2634; x_wconf 89' lang='lat' dir='ltr'>boo</span> <span class='ocrx_word' id='word_1_203' title='bbox 1054 2572 1204 2651; x_wconf 86' lang='lat' dir='ltr'>temporis</span> <span class='ocrx_word' id='word_1_204' title='bbox 1220 2573 1356 2652; x_wconf 87' lang='lat' dir='ltr'>spatium</span> 
     </span>
     <span class='ocr_line' id='line_1_24' title="bbox 151 2673 603 2753; baseline 0.002 -18"><span class='ocrx_word' id='word_1_205' title='bbox 151 2674 198 2736; x_wconf 86' lang='lat' dir='ltr'>rei</span> <span class='ocrx_word' id='word_1_206' title='bbox 222 2673 392 2736; x_wconf 89' lang='lat' dir='ltr'>dominium</span> <span class='ocrx_word' id='word_1_207' title='bbox 414 2677 603 2753; x_wconf 86' lang='lat' dir='ltr'>acquireret.</span> 
     </span>
    </p>

    <p class='ocr_par' dir='ltr' id='par_1_4' title="bbox 71 2773 1360 3966">
     <span class='ocr_line' id='line_1_25' title="bbox 198 2773 1356 2854; baseline 0.003 -20"><span class='ocrx_word' id='word_1_208' title='bbox 198 2773 272 2834; x_wconf 86' lang='lat' dir='ltr'>Cum</span> <span class='ocrx_word' id='word_1_209' title='bbox 297 2792 374 2836; x_wconf 89' lang='lat' dir='ltr'>vero</span> <span class='ocrx_word' id='word_1_210' title='bbox 397 2793 459 2836; x_wconf 93' lang='lat' dir='ltr'>non</span> <span class='ocrx_word' id='word_1_211' title='bbox 483 2775 515 2835; x_wconf 89' lang='lat' dir='ltr'>in</span> <span class='ocrx_word' id='word_1_212' title='bbox 528 2774 672 2836; x_wconf 90' lang='lat' dir='ltr'>omnibus</span> <span class='ocrx_word' id='word_1_213' title='bbox 685 2774 822 2851; x_wconf 88' lang='lat' dir='ltr'>casibus,</span> <span class='ocrx_word' id='word_1_214' title='bbox 845 2774 956 2854; x_wconf 88' lang='lat' dir='ltr'>veluti,</span> <span class='ocrx_word' id='word_1_215' title='bbox 977 2774 1031 2836; x_wconf 93' lang='lat' dir='ltr'>ubi</span> <span class='ocrx_word' id='word_1_216' title='bbox 1044 2775 1127 2836; x_wconf 79' lang='lat' dir='ltr'>iusta</span> <span class='ocrx_word' id='word_1_217' title='bbox 1137 2777 1356 2854; x_wconf 87' lang='lat' dir='ltr'>possessionis</span> 
     </span>
     <span class='ocr_line' id='line_1_26' title="bbox 155 2873 1356 2957; baseline 0.002 -21"><span class='ocrx_word' id='word_1_218' title='bbox 155 2891 248 2937; x_wconf 86' lang='lat' dir='ltr'>causa</span> <span class='ocrx_word' id='word_1_219' title='bbox 270 2874 397 2955; x_wconf 83' lang='lat' dir='ltr'>aberat,</span> <span class='ocrx_word' id='word_1_220' title='bbox 429 2873 482 2936; x_wconf 87' lang='lat' dir='ltr'>vel</span> <span class='ocrx_word' id='word_1_221' title='bbox 505 2875 533 2936; x_wconf 91' lang='lat' dir='ltr'>si</span> <span class='ocrx_word' id='word_1_222' title='bbox 556 2892 608 2937; x_wconf 88' lang='lat' dir='ltr'>res</span> <span class='ocrx_word' id='word_1_223' title='bbox 633 2881 763 2956; x_wconf 87' lang='lat' dir='ltr'>excepta</span> <span class='ocrx_word' id='word_1_224' title='bbox 787 2880 882 2951; x_wconf 87' lang='lat' dir='ltr'>esset,</span> <span class='ocrx_word' id='word_1_225' title='bbox 906 2873 960 2936; x_wconf 91' lang='lat' dir='ltr'>tali</span> <span class='ocrx_word' id='word_1_226' title='bbox 984 2874 1077 2937; x_wconf 94' lang='lat' dir='ltr'>modo</span> <span class='ocrx_word' id='word_1_227' title='bbox 1098 2892 1158 2954; x_wconf 93' lang='lat' dir='ltr'>per</span> <span class='ocrx_word' id='word_1_228' title='bbox 1180 2879 1356 2957; x_wconf 86' lang='lat' dir='ltr'>usucapio-</span> 
     </span>
     <span class='ocr_line' id='line_1_27' title="bbox 153 2973 1357 3058; baseline 0 -20"><span class='ocrx_word' id='word_1_229' title='bbox 153 2994 235 3054; x_wconf 88' lang='lat' dir='ltr'>nem,</span> <span class='ocrx_word' id='word_1_230' title='bbox 260 2975 313 3037; x_wconf 88' lang='lat' dir='ltr'>vel</span> <span class='ocrx_word' id='word_1_231' title='bbox 336 2975 425 3058; x_wconf 90' lang='lat' dir='ltr'>longi</span> <span class='ocrx_word' id='word_1_232' title='bbox 443 2978 592 3056; x_wconf 88' lang='lat' dir='ltr'>temporis</span> <span class='ocrx_word' id='word_1_233' title='bbox 613 2977 882 3056; x_wconf 82' lang='lat' dir='ltr'>praescriptionem</span> <span class='ocrx_word' id='word_1_234' title='bbox 900 2976 1067 3054; x_wconf 85' lang='lat' dir='ltr'>acquisitio</span> <span class='ocrx_word' id='word_1_235' title='bbox 1084 2973 1189 3038; x_wconf 89' lang='lat' dir='ltr'>locum</span> <span class='ocrx_word' id='word_1_236' title='bbox 1206 2975 1357 3056; x_wconf 58' lang='lat' dir='ltr'>haberem</span> 
     </span>
     <span class='ocr_line' id='line_1_28' title="bbox 155 3075 1355 3162; baseline -0.001 -20"><span class='ocrx_word' id='word_1_237' title='bbox 155 3075 349 3162; x_wconf 84' lang='lat' dir='ltr'>generaliter</span> <span class='ocrx_word' id='word_1_238' title='bbox 370 3079 501 3158; x_wconf 90' lang='lat' dir='ltr'>insuper</span> <span class='ocrx_word' id='word_1_239' title='bbox 523 3077 715 3139; x_wconf 82' lang='lat' dir='ltr'>lastinianus</span> <span class='ocrx_word' id='word_1_240' title='bbox 737 3078 891 3140; x_wconf 90' lang='lat' dir='ltr'>sancivit:</span> <span class='ocrx_word' id='word_1_241' title='bbox 928 3082 963 3137; x_wconf 92' lang='lat' dir='ltr'>ut</span> <span class='ocrx_word' id='word_1_242' title='bbox 986 3076 1033 3151; x_wconf 91' lang='lat' dir='ltr'>ei,</span> <span class='ocrx_word' id='word_1_243' title='bbox 1063 3077 1117 3156; x_wconf 90' lang='lat' dir='ltr'>qui</span> <span class='ocrx_word' id='word_1_244' title='bbox 1140 3095 1227 3154; x_wconf 88' lang='lat' dir='ltr'>rem,</span> <span class='ocrx_word' id='word_1_245' title='bbox 1260 3095 1355 3159; x_wconf 80' lang='lat' dir='ltr'>quarn</span> 
     </span>
     <span class='ocr_line' id='line_1_29' title="bbox 154 3163 1359 3261; baseline -0.002 -18"><span class='ocrx_word' id='word_1_246' title='bbox 154 3180 297 3243; x_wconf 92' lang='lat' dir='ltr'>dominus</span> <span class='ocrx_word' id='word_1_247' title='bbox 320 3179 594 3261; x_wconf 84' lang='lat' dir='ltr'>proptertriginta</span> <span class='ocrx_word' id='word_1_248' title='bbox 619 3178 671 3241; x_wconf 90' lang='lat' dir='ltr'>vel</span> <span class='ocrx_word' id='word_1_249' title='bbox 689 3178 896 3260; x_wconf 87' lang='lat' dir='ltr'>quadraginta</span> <span class='ocrx_word' id='word_1_250' title='bbox 913 3194 1064 3240; x_wconf 88' lang='lat' dir='ltr'>annorum</span> <span class='ocrx_word' id='word_1_251' title='bbox 1083 3163 1359 3260; x_wconf 67' lang='lat' dir='ltr'>praescriptioueuf</span> 
     </span>
     <span class='ocr_line' id='line_1_30' title="bbox 71 3276 1356 3359; baseline -0.002 -17"><span class='ocrx_word' id='word_1_252' title='bbox 71 3276 74 3280; x_wconf 71' lang='grc'>’</span> <span class='ocrx_word' id='word_1_253' title='bbox 153 3281 316 3342; x_wconf 86' lang='lat' dir='ltr'>vindicare</span> <span class='ocrx_word' id='word_1_254' title='bbox 338 3296 400 3340; x_wconf 92' lang='lat' dir='ltr'>uon</span> <span class='ocrx_word' id='word_1_255' title='bbox 414 3285 534 3359; x_wconf 88' lang='lat' dir='ltr'>posset,</span> <span class='ocrx_word' id='word_1_256' title='bbox 557 3297 615 3359; x_wconf 89' lang='lat' dir='ltr'>per</span> <span class='ocrx_word' id='word_1_257' title='bbox 637 3285 754 3342; x_wconf 87' lang='lat' dir='ltr'>tantum</span> <span class='ocrx_word' id='word_1_258' title='bbox 776 3278 927 3359; x_wconf 89' lang='lat' dir='ltr'>temporis</span> <span class='ocrx_word' id='word_1_259' title='bbox 950 3279 1083 3358; x_wconf 88' lang='lat' dir='ltr'>spatium</span> <span class='ocrx_word' id='word_1_260' title='bbox 1103 3278 1317 3358; x_wconf 85' lang='lat' dir='ltr'>possedisset,</span> <span class='ocrx_word' id='word_1_261' title='bbox 1329 3280 1356 3341; x_wconf 92' lang='lat' dir='ltr'>si</span> 
     </span>
     <span class='ocr_line' id='line_1_31' title="bbox 154 3378 1360 3457; baseline -0.002 -13"><span class='ocrx_word' id='word_1_262' title='bbox 154 3382 235 3444; x_wconf 88' lang='lat' dir='ltr'>bona</span> <span class='ocrx_word' id='word_1_263' title='bbox 260 3379 320 3442; x_wconf 91' lang='lat' dir='ltr'>lide</span> <span class='ocrx_word' id='word_1_264' title='bbox 342 3379 436 3457; x_wconf 28' lang='lat' dir='ltr'>initio·</span> <span class='ocrx_word' id='word_1_265' title='bbox 456 3379 542 3449; x_wconf 88' lang='lat' dir='ltr'>illam</span> <span class='ocrx_word' id='word_1_266' title='bbox 568 3382 715 3456; x_wconf 89' lang='lat' dir='ltr'>tenuerit,</span> <span class='ocrx_word' id='word_1_267' title='bbox 735 3381 856 3442; x_wconf 89' lang='lat' dir='ltr'>etiamsi</span> <span class='ocrx_word' id='word_1_268' title='bbox 877 3378 995 3440; x_wconf 90' lang='lat' dir='ltr'>nullam</span> <span class='ocrx_word' id='word_1_269' title='bbox 1011 3380 1122 3440; x_wconf 87' lang='lat' dir='ltr'>iustam</span> <span class='ocrx_word' id='word_1_270' title='bbox 1145 3395 1273 3442; x_wconf 83' lang='lat' dir='ltr'>causam</span> <span class='ocrx_word' id='word_1_271' title='bbox 1298 3381 1360 3442; x_wconf 89' lang='lat' dir='ltr'>ba-</span> 
     </span>
     <span class='ocr_line' id='line_1_32' title="bbox 155 3479 1358 3560; baseline -0.001 -19"><span class='ocrx_word' id='word_1_272' title='bbox 155 3481 287 3556; x_wconf 90' lang='lat' dir='ltr'>buisset,</span> <span class='ocrx_word' id='word_1_273' title='bbox 308 3485 438 3560; x_wconf 88' lang='lat' dir='ltr'>propter</span> <span class='ocrx_word' id='word_1_274' title='bbox 460 3480 542 3542; x_wconf 90' lang='lat' dir='ltr'>hanc</span> <span class='ocrx_word' id='word_1_275' title='bbox 563 3481 796 3560; x_wconf 84' lang='lat' dir='ltr'>possessionem</span> <span class='ocrx_word' id='word_1_276' title='bbox 819 3480 1041 3555; x_wconf 81' lang='lat' dir='ltr'>continuatam,</span> <span class='ocrx_word' id='word_1_277' title='bbox 1061 3481 1108 3541; x_wconf 88' lang='lat' dir='ltr'>rei</span> <span class='ocrx_word' id='word_1_278' title='bbox 1130 3479 1303 3543; x_wconf 86' lang='lat' dir='ltr'>dominium</span> <span class='ocrx_word' id='word_1_279' title='bbox 1326 3486 1358 3544; x_wconf 82' lang='lat' dir='ltr'>ct</span> 
     </span>
     <span class='ocr_line' id='line_1_33' title="bbox 156 3577 1357 3664; baseline 0.005 -24"><span class='ocrx_word' id='word_1_280' title='bbox 156 3580 328 3642; x_wconf 89' lang='lat' dir='ltr'>vindicatio</span> <span class='ocrx_word' id='word_1_281' title='bbox 351 3587 555 3662; x_wconf 88' lang='lat' dir='ltr'>competeret.</span> <span class='ocrx_word' id='word_1_282' title='bbox 599 3580 678 3644; x_wconf 91' lang='lat' dir='ltr'>Hinc</span> <span class='ocrx_word' id='word_1_283' title='bbox 701 3580 816 3644; x_wconf 86' lang='lat' dir='ltr'>facturn</span> <span class='ocrx_word' id='word_1_284' title='bbox 839 3586 899 3657; x_wconf 87' lang='lat' dir='ltr'>est,</span> <span class='ocrx_word' id='word_1_285' title='bbox 924 3586 958 3642; x_wconf 93' lang='lat' dir='ltr'>ut</span> <span class='ocrx_word' id='word_1_286' title='bbox 972 3581 1066 3644; x_wconf 91' lang='lat' dir='ltr'>bodie</span> <span class='ocrx_word' id='word_1_287' title='bbox 1082 3581 1122 3643; x_wconf 92' lang='lat' dir='ltr'>de</span> <span class='ocrx_word' id='word_1_288' title='bbox 1137 3577 1357 3664; x_wconf 71' lang='lat' dir='ltr'>praescriptio·</span> 
     </span>
     <span class='ocr_line' id='line_1_34' title="bbox 155 3653 1360 3767; baseline 0.005 -26"><span class='ocrx_word' id='word_1_289' title='bbox 155 3653 245 3743; x_wconf 76' lang='lat' dir='ltr'>atibus</span> <span class='ocrx_word' id='word_1_290' title='bbox 267 3682 461 3762; x_wconf 83' lang='lat' dir='ltr'>acquisitiois</span> <span class='ocrx_word' id='word_1_291' title='bbox 481 3683 659 3764; x_wconf 89' lang='lat' dir='ltr'>loquamur,</span> <span class='ocrx_word' id='word_1_292' title='bbox 682 3683 914 3767; x_wconf 83' lang='lat' dir='ltr'>distinguentes</span> <span class='ocrx_word' id='word_1_293' title='bbox 937 3682 1156 3744; x_wconf 68' lang='lat' dir='ltr'>ordinariam</span> <span class='ocrx_word' id='word_1_294' title='bbox 1148 3703 1171 3745; x_wconf 87' lang='lat'>1</span> <span class='ocrx_word' id='word_1_295' title='bbox 1188 3704 1217 3747; x_wconf 92' lang='lat' dir='ltr'>e.</span> <span class='ocrx_word' id='word_1_296' title='bbox 1239 3703 1360 3747; x_wconf 77' lang='lat' dir='ltr'>caucu-</span> 
     </span>
     <span class='ocr_line' id='line_1_35' title="bbox 155 3783 1359 3876; baseline 0.009 -32"><span class='ocrx_word' id='word_1_297' title='bbox 155 3785 276 3864; x_wconf 80' lang='lat' dir='ltr'>pionem</span> <span class='ocrx_word' id='word_1_298' title='bbox 297 3788 329 3845; x_wconf 92' lang='lat' dir='ltr'>et</span> <span class='ocrx_word' id='word_1_299' title='bbox 350 3783 429 3862; x_wconf 76' lang='lat' dir='ltr'>longi</span> <span class='ocrx_word' id='word_1_300' title='bbox 444 3785 595 3864; x_wconf 86' lang='lat' dir='ltr'>temporis</span> <span class='ocrx_word' id='word_1_301' title='bbox 621 3784 906 3866; x_wconf 75' lang='lat' dir='ltr'>praescriptionem,</span> <span class='ocrx_word' id='word_1_302' title='bbox 938 3791 970 3846; x_wconf 88' lang='lat' dir='ltr'>et</span> <span class='ocrx_word' id='word_1_303' title='bbox 992 3784 1279 3876; x_wconf 75' lang='lat' dir='ltr'>cctrcmdipuriom</span> <span class='ocrx_word' id='word_1_304' title='bbox 1300 3807 1359 3855; x_wconf 79' lang='lat' dir='ltr'>seu</span> 
     </span>
     <span class='ocr_line' id='line_1_36' title="bbox 152 3884 780 3966; baseline 0.005 -21"><span class='ocrx_word' id='word_1_305' title='bbox 152 3884 418 3965; x_wconf 75' lang='lat' dir='ltr'>prescriptionem</span> <span class='ocrx_word' id='word_1_306' title='bbox 441 3885 603 3965; x_wconf 76' lang='lat' dir='ltr'>longissimi</span> <span class='ocrx_word' id='word_1_307' title='bbox 627 3888 780 3966; x_wconf 86' lang='lat' dir='ltr'>temporis.</span> 
     </span>
    </p>
   </div>
   <div class='ocr_carea' id='block_1_3' title="bbox 120 4083 1361 4510">
    <p class='ocr_par' dir='ltr' id='par_1_5' title="bbox 120 4083 1361 4510">
     <span class='ocr_line' id='line_1_37' title="bbox 189 4083 1358 4152; baseline 0.001 -14"><span class='ocrx_word' id='word_1_308' title='bbox 189 4083 217 4151; x_wconf 88' lang='grc'>1)</span> <span class='ocrx_word' id='word_1_309' title='bbox 238 4088 329 4137; x_wconf 83' lang='lat' dir='ltr'>Cicero</span> <span class='ocrx_word' id='word_1_310' title='bbox 350 4102 397 4151; x_wconf 91' lang='lat' dir='ltr'>pro</span> <span class='ocrx_word' id='word_1_311' title='bbox 416 4085 560 4138; x_wconf 79' lang='lat' dir='ltr'>Caecinae.</span> <span class='ocrx_word' id='word_1_312' title='bbox 580 4085 622 4138; x_wconf 83' lang='lat'>19.</span> <span class='ocrx_word' id='word_1_313' title='bbox 650 4087 742 4152; x_wconf 83' lang='lat' dir='ltr'>Topic.</span> <span class='ocrx_word' id='word_1_314' title='bbox 762 4102 784 4137; x_wconf 87' lang='lat' dir='ltr'>o.</span> <span class='ocrx_word' id='word_1_315' title='bbox 802 4083 828 4136; x_wconf 89' lang='grc'>4.</span> <span class='ocrx_word' id='word_1_316' title='bbox 859 4085 920 4152; x_wconf 93' lang='lat' dir='ltr'>Ulp.</span> <span class='ocrx_word' id='word_1_317' title='bbox 940 4087 1011 4138; x_wconf 83' lang='lat' dir='ltr'><strong>XIX.</strong></span> <span class='ocrx_word' id='word_1_318' title='bbox 1031 4085 1055 4145; x_wconf 88' lang='lat'><strong>5.</strong></span> <span class='ocrx_word' id='word_1_319' title='bbox 1075 4085 1100 4139; x_wconf 86' lang='lat'><strong>8.</strong></span> <span class='ocrx_word' id='word_1_320' title='bbox 1139 4088 1198 4140; x_wconf 78' lang='lat' dir='ltr'>ost.</span> <span class='ocrx_word' id='word_1_321' title='bbox 1221 4087 1246 4141; x_wconf 77' lang='lat'><strong>2.</strong></span> <span class='ocrx_word' id='word_1_322' title='bbox 1266 4089 1291 4150; x_wconf 96' lang='lat'><strong>5.</strong></span> <span class='ocrx_word' id='word_1_323' title='bbox 1313 4087 1358 4142; x_wconf 80' lang='lat'>42.</span> 
     </span>
     <span class='ocr_line' id='line_1_38' title="bbox 155 4155 442 4223; baseline -0.011 -14"><span class='ocrx_word' id='word_1_324' title='bbox 155 4159 223 4210; x_wconf 69' lang='lat' dir='ltr'>tude</span> <span class='ocrx_word' id='word_1_325' title='bbox 241 4175 273 4209; x_wconf 92' lang='lat' dir='ltr'>su</span> <span class='ocrx_word' id='word_1_326' title='bbox 274 4157 363 4223; x_wconf 78' lang='lat' dir='ltr'>pra5</span> <span class='ocrx_word' id='word_1_327' title='bbox 382 4155 442 4208; x_wconf 87' lang='lat'><strong>314.</strong></span> 
     </span>
     <span class='ocr_line' id='line_1_39' title="bbox 120 4225 1306 4296; baseline 0.002 -16"><span class='ocrx_word' id='word_1_328' title='bbox 120 4285 123 4290; x_wconf 53' lang='grc'><strong>,</strong></span> <span class='ocrx_word' id='word_1_329' title='bbox 189 4226 297 4293; x_wconf 72' lang='lat' dir='ltr'>2&#39;lilai.</span> <span class='ocrx_word' id='word_1_330' title='bbox 317 4228 342 4279; x_wconf 81' lang='grc'>2</span> <span class='ocrx_word' id='word_1_331' title='bbox 361 4226 384 4286; x_wconf 87' lang='lat'><strong>5.</strong></span> <span class='ocrx_word' id='word_1_332' title='bbox 402 4225 446 4279; x_wconf 79' lang='lat'>43.</span> <span class='ocrx_word' id='word_1_333' title='bbox 465 4225 508 4278; x_wconf 88' lang='lat'>44.</span> <span class='ocrx_word' id='word_1_334' title='bbox 580 4226 608 4292; x_wconf 86' lang='lat'>3)</span> <span class='ocrx_word' id='word_1_335' title='bbox 627 4228 670 4277; x_wconf 85' lang='lat' dir='ltr'>Fr.</span> <span class='ocrx_word' id='word_1_336' title='bbox 689 4227 714 4278; x_wconf 81' lang='lat'><strong>9.</strong></span> <span class='ocrx_word' id='word_1_337' title='bbox 733 4231 766 4279; x_wconf 93' lang='lat' dir='ltr'>D.</span> <span class='ocrx_word' id='word_1_338' title='bbox 784 4226 828 4290; x_wconf 88' lang='lat'>44,</span> <span class='ocrx_word' id='word_1_339' title='bbox 846 4225 863 4279; x_wconf 82' lang='lat'><strong>3</strong></span> <span class='ocrx_word' id='word_1_340' title='bbox 883 4225 929 4295; x_wconf 86' lang='lat' dir='ltr'>(de</span> <span class='ocrx_word' id='word_1_341' title='bbox 947 4229 1058 4279; x_wconf 82' lang='lat' dir='ltr'>diversis</span> <span class='ocrx_word' id='word_1_342' title='bbox 1076 4234 1155 4294; x_wconf 87' lang='lat' dir='ltr'>temp.</span> <span class='ocrx_word' id='word_1_343' title='bbox 1174 4231 1306 4296; x_wconf 66' lang='lat' dir='ltr'>praesen).</span> 
     </span>
     <span class='ocr_line' id='line_1_40' title="bbox 188 4297 1360 4364; baseline 0.004 -13"><span class='ocrx_word' id='word_1_344' title='bbox 188 4298 218 4364; x_wconf 89' lang='grc'>4)</span> <span class='ocrx_word' id='word_1_345' title='bbox 236 4300 280 4350; x_wconf 87' lang='lat' dir='ltr'>Fr.</span> <span class='ocrx_word' id='word_1_346' title='bbox 298 4297 342 4351; x_wconf 83' lang='lat'><strong>76.</strong></span> <span class='ocrx_word' id='word_1_347' title='bbox 361 4298 383 4356; x_wconf 88' lang='lat'>5.</span> <span class='ocrx_word' id='word_1_348' title='bbox 399 4300 422 4351; x_wconf 90' lang='lat'><strong>1.</strong></span> <span class='ocrx_word' id='word_1_349' title='bbox 443 4301 475 4350; x_wconf 83' lang='lat' dir='ltr'>b.</span> <span class='ocrx_word' id='word_1_350' title='bbox 495 4297 568 4360; x_wconf 79' lang='lat'>18,1</span> <span class='ocrx_word' id='word_1_351' title='bbox 590 4297 637 4363; x_wconf 88' lang='lat' dir='ltr'>(de</span> <span class='ocrx_word' id='word_1_352' title='bbox 659 4302 778 4350; x_wconf 88' lang='lat' dir='ltr'>contrab.</span> <span class='ocrx_word' id='word_1_353' title='bbox 798 4304 880 4363; x_wconf 83' lang='lat' dir='ltr'>emt).</span> <span class='ocrx_word' id='word_1_354' title='bbox 901 4299 925 4358; x_wconf 86' lang='lat'><strong>5.</strong></span> <span class='ocrx_word' id='word_1_355' title='bbox 943 4299 967 4351; x_wconf 73' lang='lat'><strong>7.</strong></span> <span class='ocrx_word' id='word_1_356' title='bbox 988 4301 1008 4351; x_wconf 93' lang='lat'><strong>1.</strong></span> <span class='ocrx_word' id='word_1_357' title='bbox 1026 4301 1052 4350; x_wconf 89' lang='lat' dir='ltr'>b.</span> <span class='ocrx_word' id='word_1_358' title='bbox 1071 4306 1089 4350; x_wconf 91' lang='lat' dir='ltr'>t.</span> <span class='ocrx_word' id='word_1_359' title='bbox 1120 4300 1198 4350; x_wconf 80' lang='lat' dir='ltr'>Pauli</span> <span class='ocrx_word' id='word_1_360' title='bbox 1217 4318 1271 4352; x_wconf 84' lang='lat' dir='ltr'>rec.</span> <span class='ocrx_word' id='word_1_361' title='bbox 1293 4311 1360 4356; x_wconf 86' lang='lat' dir='ltr'>seut.</span> 
     </span>
     <span class='ocr_line' id='line_1_41' title="bbox 155 4368 1361 4437; baseline 0.006 -18"><span class='ocrx_word' id='word_1_362' title='bbox 155 4371 188 4420; x_wconf 88' lang='lat' dir='ltr'>V.</span> <span class='ocrx_word' id='word_1_363' title='bbox 207 4371 231 4421; x_wconf 75' lang='grc'>2.</span> <span class='ocrx_word' id='word_1_364' title='bbox 250 4370 272 4429; x_wconf 88' lang='lat'><strong>5.</strong></span> <span class='ocrx_word' id='word_1_365' title='bbox 292 4368 370 4422; x_wconf 79' lang='lat'><strong>3-5.</strong></span> <span class='ocrx_word' id='word_1_366' title='bbox 407 4370 593 4421; x_wconf 77' lang='lat' dir='ltr'>vetustissima</span> <span class='ocrx_word' id='word_1_367' title='bbox 619 4371 716 4420; x_wconf 78' lang='lat' dir='ltr'>mentm</span> <span class='ocrx_word' id='word_1_368' title='bbox 745 4371 948 4437; x_wconf 84' lang='lat' dir='ltr'>praescriptionis</span> <span class='ocrx_word' id='word_1_369' title='bbox 976 4371 1066 4421; x_wconf 88' lang='lat' dir='ltr'>decem</span> <span class='ocrx_word' id='word_1_370' title='bbox 1086 4386 1216 4421; x_wconf 79' lang='lat' dir='ltr'>annorum</span> <span class='ocrx_word' id='word_1_371' title='bbox 1236 4379 1316 4426; x_wconf 82' lang='lat' dir='ltr'>extat</span> <span class='ocrx_word' id='word_1_372' title='bbox 1334 4378 1361 4426; x_wconf 90' lang='lat' dir='ltr'>iu</span> 
     </span>
     <span class='ocr_line' id='line_1_42' title="bbox 156 4437 1358 4510; baseline 0.007 -20"><span class='ocrx_word' id='word_1_373' title='bbox 156 4442 293 4492; x_wconf 82' lang='lat' dir='ltr'>Vaticanis</span> <span class='ocrx_word' id='word_1_374' title='bbox 311 4443 465 4506; x_wconf 79' lang='lat' dir='ltr'>fragmentis</span> <span class='ocrx_word' id='word_1_375' title='bbox 485 4437 543 4500; x_wconf 69' lang='lat' dir='ltr'>§.t</span> <span class='ocrx_word' id='word_1_376' title='bbox 580 4441 648 4490; x_wconf 85' lang='lat' dir='ltr'>Eam</span> <span class='ocrx_word' id='word_1_377' title='bbox 669 4441 766 4493; x_wconf 83' lang='lat' dir='ltr'>Graecae</span> <span class='ocrx_word' id='word_1_378' title='bbox 781 4443 887 4507; x_wconf 83' lang='lat' dir='ltr'>originis</span> <span class='ocrx_word' id='word_1_379' title='bbox 907 4444 989 4493; x_wconf 84' lang='lat' dir='ltr'>habet</span> <span class='ocrx_word' id='word_1_380' title='bbox 1003 4441 1217 4507; x_wconf 73' lang='lat' dir='ltr'>Unterbolaner‚</span> <span class='ocrx_word' id='word_1_381' title='bbox 1244 4443 1358 4510; x_wconf 75' lang='lat' dir='ltr'>Verjob-</span> 
     </span>
    </p>
   </div>
   <div class='ocr_carea' id='block_1_4' title="bbox 123 4510 1021 4630">
    <p class='ocr_par' dir='ltr' id='par_1_6' title="bbox 123 4510 1021 4630">
     <span class='ocr_line' id='line_1_43' title="bbox 123 4510 1021 4578; baseline 0.006 -16"><span class='ocrx_word' id='word_1_382' title='bbox 123 4544 125 4548; x_wconf 93' lang='lat'><em>-</em></span> <span class='ocrx_word' id='word_1_383' title='bbox 155 4529 226 4577; x_wconf 65' lang='grc' dir='ltr'>φυηρ</span> <span class='ocrx_word' id='word_1_384' title='bbox 244 4516 262 4563; x_wconf 85' lang='lat' dir='ltr'>t.</span> <span class='ocrx_word' id='word_1_385' title='bbox 282 4511 306 4564; x_wconf 95' lang='lat'><strong>1.</strong></span> <span class='ocrx_word' id='word_1_386' title='bbox 323 4530 348 4578; x_wconf 92' lang='lat' dir='ltr'>p.</span> <span class='ocrx_word' id='word_1_387' title='bbox 366 4510 410 4564; x_wconf 80' lang='lat'>45.</span> <span class='ocrx_word' id='word_1_388' title='bbox 429 4514 464 4564; x_wconf 90' lang='lat' dir='ltr'>ob</span> <span class='ocrx_word' id='word_1_389' title='bbox 482 4514 571 4564; x_wconf 89' lang='lat' dir='ltr'>locum</span> <span class='ocrx_word' id='word_1_390' title='bbox 592 4513 717 4565; x_wconf 79' lang='lat' dir='ltr'>Isocratis</span> <span class='ocrx_word' id='word_1_391' title='bbox 734 4514 762 4564; x_wconf 82' lang='lat' dir='ltr'>iu</span> <span class='ocrx_word' id='word_1_392' title='bbox 782 4514 936 4566; x_wconf 79' lang='lat' dir='ltr'>Archidam.</span> <span class='ocrx_word' id='word_1_393' title='bbox 956 4530 978 4566; x_wconf 91' lang='lat' dir='ltr'>c.</span> <span class='ocrx_word' id='word_1_394' title='bbox 996 4515 1021 4567; x_wconf 81' lang='lat'><strong>9.</strong></span> 
     </span>
     <span class='ocr_line' id='line_1_44' title="bbox 535 4594 551 4630; baseline 0 0"><span class='ocrx_word' id='word_1_395' title='bbox 535 4594 551 4630; x_wconf 76' lang='lat' dir='ltr'><em>t</em></span> 
     </span>
    </p>
   </div>
   <div class='ocr_carea' id='block_1_5' title="bbox 0 0 1417 4966">
    <p class='ocr_par' dir='ltr' id='par_1_7' title="bbox 0 0 1417 4966">
     <span class='ocr_line' id='line_1_45' title="bbox 0 0 1417 4966; baseline 0 0"><span class='ocrx_word' id='word_1_396' title='bbox 0 0 1417 4966; x_wconf 95' lang='lat' dir='ltr'> </span> 
     </span>
    </p>
   </div>
  </div>
 </body>
</html>
