2804 4966
495 324 577 364 urrn
596 326 628 363 ιι.
647 326 715 363 rano
733 325 766 364 ιι.
786 326 843 370 ιιι.
863 328 890 367 r.
1245 317 1298 373 189

132 463 205 522 essct.
242 455 396 538 Optimum
423 462 527 518 autem
551 458 600 519 ius
629 456 728 540 iegati
757 476 814 540 per
838 458 1064 520 damnationem
1096 463 1145 520 est
1157 457 1195 542 1).
1238 458 1300 522 Sed

132 560 182 622 hcc
195 559 262 620 ntis
284 557 326 619 de
347 557 526 640 legatorum
545 556 701 620 formulis.

162 657 260 741 §.titt
303 657 368 721 Sub
390 656 482 720 tinem
504 659 688 739 reipublice
709 676 769 721 usu
794 665 826 721 et
848 660 987 723 moribus
1009 657 1153 735 invaluit,
1176 665 1210 720 ut
1229 678 1299 723 mo-

133 761 200 822 rituri
217 762 307 822 etiam
327 776 391 822 non
412 759 560 821 civilibus
583 759 640 822 scd
661 760 831 839 precativis
855 762 964 823 verbis
989 760 1174 824 donationes
1197 760 1299 822 relin-

133 865 246 940 querent,
269 864 421 942 rogantes
441 858 578 921 tueredes
600 876 677 922 suos
700 860 753 923 vet
775 861 806 922 in
829 865 1012 923 testamento
1032 858 1085 921 vei
1104 876 1163 938 per
1178 860 1299 941 episto-

75 1046 77 1055 Ι
133 959 168 1023 lat
184 962 243 1023 rire
264 958 430 1022 codicillos
442 959 483 1047 ¹),
506 965 541 1020 ut
552 960 689 1039 aliquam
699 978 766 1023 rem
777 959 831 1023 uel
843 967 875 1023 et
890 960 1074 1024 hereditatis
1096 965 1214 1040 partem
1238 959 1300 1021 ali-

75 1058 79 1109 t
133 1062 170 1123 cui
185 1062 392 1123 restituerent.
426 1059 465 1121 Et
480 1059 790 1140 hecqtdcicommissc
805 1062 999 1126 vocabantur
1013 1060 1054 1146 ⁸).
1089 1058 1191 1122 Verba
1205 1058 1299 1120 iidei-

133 1163 339 1250 commissorum
352 1161 419 1223 hec
432 1167 538 1223 erant:
562 1180 647 1243 roqo,
669 1169 751 1243 pcto,
774 1163 854 1242 coto,
874 1162 1097 1243 fideicommitto
1116 1160 1202 1235 dort;
1225 1161 1299 1222 item

131 1261 224 1340 mado,
245 1261 407 1343 deprecor,
429 1262 531 1343 cupio,
550 1264 687 1344 taianqo,
712 1264 903 1352 desidero4).

162 1366 185 1446 9.
194 1363 259 1429 614.
302 1362 433 1426 muttum
458 1371 560 1427 autern
583 1364 770 1428 differebant
792 1384 839 1444 ea,
864 1383 935 1446 quae
956 1383 1014 1446 per
1028 1364 1301 1427 fideicommissum

132 1461 375 1544 relinquebantur,
398 1465 436 1527 ab
456 1466 506 1542 iis,
531 1483 602 1547 quae
621 1467 809 1550 tegebantur
821 1469 862 1554 ⁶).
895 1467 935 1529 Et
954 1467 1062 1547 primis
1078 1466 1203 1545 quidem
1218 1470 1301 1525 tem-

131 1564 234 1642 qoritua
251 1564 373 1627 intirma
395 1564 485 1628 inere
508 1564 759 1644 fideicommissa,
782 1567 1122 1649 quippequacheredis
1143 1567 1301 1649 religione

131 1662 170 1725 rel
184 1665 296 1746 pudore
319 1666 575 1743 continebantur,
606 1684 676 1729 cum
698 1667 803 1750 legata
824 1684 883 1748 per
905 1666 1057 1750 vulgares
1079 1667 1238 1742 actiones,
1270 1670 1302 1726 et

132 1761 256 1831 tornatas
275 1767 513 1852 peterenturi).

76 1862 78 1941 j
159 1862 254 1929 Postea
275 1883 357 1930 vcro
377 1867 551 1948 imperator
570 1870 736 1950 Augustus
767 1866 866 1931 semol
896 1869 1072 1948 iterumque
1101 1867 1202 1949 gratia
1224 1883 1302 1945 per-

130 1979 252 2030 sonarum
274 1973 396 2045 motus,
424 1967 478 2031 uel
502 1971 574 2048 quia
597 1986 656 2048 per
679 1970 779 2048 ipsius
804 1968 936 2031 salutem
961 1973 1092 2050 rogatus
1118 1969 1189 2046 quis
1212 1964 1302 2027 dicc-

130 2071 212 2144 retur,
233 2075 287 2131 aut
308 2069 348 2132 ob
370 2069 528 2152 insignem
551 2069 755 2149 quorumdam
777 2070 955 2150 perfidiam,
980 2069 1073 2130 iussit
1098 2064 1301 2140 Consulibus,

128 2171 321 2234 motoritatem
344 2188 431 2233 suam
456 2171 670 2251 interponere.
715 2170 805 2242 Quod
829 2172 901 2250 quia
922 2172 1038 2231 iustum
1063 2167 1247 2243 videbatur,
1271 2168 1301 2226 et

128 2271 256 2349 populare
277 2275 357 2347 crat,
379 2268 528 2351 paulatim
552 2286 740 2332 conversum
762 2275 811 2331 est
825 2271 856 2331 in
872 2269 1028 2332 assiduam
1043 2267 1301 2341 iurisdictionem,

127 2368 273 2452 tantusque
295 2388 404 2434 eorum
428 2369 519 2433 fauor
541 2369 642 2432 sactus
666 2375 724 2446 est,
747 2375 782 2431 ut
804 2372 895 2434 etiarn
915 2369 1032 2432 Praetor
1049 2370 1196 2449 proprius
1207 2385 1301 2429 crea-

125 2473 202 2547 retur,
223 2473 277 2553 qui
298 2472 338 2534 de
360 2471 607 2535 fideicommissis
628 2473 678 2533 ius
702 2471 841 2549 diceret,
865 2489 958 2553 quern
981 2470 1300 2533 fideicommissariam

124 2570 298 2650 appellarent
308 2572 349 2660 ⁷).

155 2671 330 2737 Universum
350 2679 452 2736 autem
477 2673 787 2737 fideicommissorum
812 2675 861 2735 ius
883 2675 1030 2754 equitate
1051 2674 1177 2754 potius,
1207 2691 1300 2754 quam

123 2770 184 2836 iuris
201 2777 312 2859 rigore
335 2773 583 2852 diiudicabatur,
616 2775 717 2837 donec
742 2777 858 2837 sensim
882 2778 1064 2855 sensimque
1086 2775 1236 2836 uniuersa
1260 2773 1300 2835 de
1332 2774 1335 2779 ’

123 2866 217 2956 loqrtia
237 2881 395 2957 precepta
418 2875 455 2939 ad
478 2874 715 2939 fideicommissa
738 2875 940 2938 traherentur
950 2877 991 2963 8).

156 2977 263 3058 §.dio
307 2976 355 3038 Ex
385 2993 447 3039 usu
478 2975 650 3039 recedente
678 2977 804 3056 antiqua
836 2975 1039 3039 formularum
1068 2975 1301 3050 observatione,

123 3066 315 3157 Imperatores
327 3077 354 3164 9)
386 3075 626 3154 Constantinus,
658 3076 859 3140 Constantius
885 3083 917 3139 et
940 3076 1093 3140 Constans
1123 3076 1299 3151 edixerunt,

123 3166 203 3252 (tuno
223 3196 255 3259 p.
280 3175 336 3239 Ch.
360 3195 391 3238 n.
414 3176 511 3265 339):
537 3178 568 3238 in
592 3177 707 3261 legatis
732 3183 771 3276 et·
785 3177 1033 3263 fideicommissis
1056 3177 1225 3240 verborum
1241 3176 1301 3237 ob·
1388 3240 1392 3251 ,

123 3278 299 3340 servantiam
320 3277 445 3339 minime
467 3294 539 3340 esse
561 3279 785 3355 necessariam,
807 3284 842 3340 ut
863 3277 942 3340 nihil
964 3294 1097 3359 prorsus
1120 3279 1301 3352 interesset,

117 3374 220 3445 tuitus
241 3377 348 3440 verbis
372 3378 443 3458 quis
466 3375 659 3440 uoluntatem
683 3396 770 3442 suam
790 3378 1031 3440 manifestasset.
1063 3376 1210 3458 Denique
1228 3375 1302 3437 ius-

116 3466 240 3539 tisianus
259 3475 441 3541 uoluntates
466 3470 685 3542 defunctorum
707 3478 879 3542 validiores
907 3494 979 3539 esse
1002 3478 1151 3557 cupiens,
1181 3480 1214 3538 et
1238 3490 1301 3536 non

120 3615 309 3642 N———u

140 3714 167 3783 ι)
186 3717 246 3771 (ιιι.
263 3717 300 3770 n.
322 3715 345 3777 s.
363 3681 424 3771 197.
443 3714 504 3770 eoa.
524 3717 548 3777 s.
567 3716 610 3770 12.
627 3718 648 3769 1.
667 3718 730 3768 nr.
825 3714 854 3782 a)
876 3718 935 3770 aar.
953 3717 978 3770 a.
1000 3715 1024 3776 s.
1042 3711 1102 3771 auo.
1119 3731 1159 3782 pr.
1179 3714 1202 3766 1.
1220 3713 1284 3765 aa

138 3785 155 3842 d
182 3792 225 3842 Pr.
245 3790 266 3841 I.
286 3789 312 3852 2,
333 3785 369 3841 25
388 3784 435 3854 (de
454 3786 610 3855 Codioillis).
646 3788 709 3855 Uip.
729 3789 812 3840 XXV.
830 3788 855 3841 1.

136 3859 154 3914 4
184 3862 247 3930 Uip.
263 3861 348 3912 XXV.
366 3860 393 3913 2.
428 3862 539 3925 Paulus,
554 3876 607 3913 rec.
626 3867 692 3913 sent.
711 3861 757 3912 IV.
775 3859 800 3912 1.
819 3858 842 3920 ἓ.
861 3857 886 3912 6.
910 3858 994 3911 Gaias
1010 3858 1035 3911 2.
1064 3857 1087 3918 ἓ.
1105 3855 1167 3910 249.
1185 3852 1248 3908 250.

104 3928 160 4058 03
178 3933 300 4064 &⁸¹36
302 3932 463 4056 5d-i-m2r81r9ninr
487 3935 578 4000 tegata
605 3933 674 3984 inter
703 3938 730 3984 et
754 3931 960 3984 fideicommissa
993 3929 1132 3998 diiigenter
1162 3928 1301 3981 enumerat

134 4072 165 4143 6)
183 4075 245 4129 oar.
264 4073 290 4128 2.
310 4072 334 4134 §-
352 4070 414 4127 218.
431 4075 452 4126 Ι.
471 4073 497 4138 2,
515 4071 551 4128 23
568 4072 617 4140 (de
635 4074 793 4126 fideicomm.
812 4071 927 4139 harod).

133 4144 163 4214 7)
183 4147 251 4198 Haeo
273 4145 371 4199 iisdem
394 4147 451 4199 iere
472 4147 561 4199 verbis
586 4152 743 4198 enarrantur
764 4148 793 4199 in
818 4145 841 4205 ἐ.
859 4147 884 4199 1.
909 4146 930 4197 Ι.
949 4142 982 4210 2,
1004 4140 1039 4197 25
1067 4142 1114 4210 (de
1137 4142 1298 4194 fideicomm.

78 4198 245 4345 {hedigg
273 4218 463 4273 Pcrrcouttone
482 4218 696 4271 extraordinaria
714 4218 795 4284 igitur
815 4217 1023 4270 fideicommissa
1039 4216 1207 4283 petebantur.
1239 4211 1299 4262 Gai.

97 4291 166 4485 αδδ)
181 4327 255 4416 Inde
268 4358 350 4414 variae
368 4360 522 4414 mouendo
539 4360 608 4413 inter
624 4359 830 4413 fideicommissa
857 4364 884 4413 ot
901 4360 993 4426 tegata
1011 4356 1129 4418 sublata,
1149 4354 1183 4406 dc
1201 4354 1299 4423 quibus

121 4436 162 4575 ⁸9¹5
179 4432 215 4560 {t
226 4429 424 4570 21281211ῗῶ
443 4501 492 4569 (dc
510 4497 630 4572 lentio).
