2798 4972
96 288 148 361 28,
421 297 621 336 russurnrrorss
641 298 715 337 uuam
734 299 838 338 nouam
857 300 979 338 surram.

98 436 159 505 tur,
182 445 287 510 neque
316 430 387 490 eius
418 435 523 509 partes
545 434 619 490 sunt
640 428 809 505 habenda,
842 446 946 511 neque
968 430 1052 514 tegis
1076 435 1290 500 auctoritatem

96 530 178 612 apud
199 530 334 610 populos
359 529 555 592 recentiores
576 528 790 592 obtinuerunt.

136 631 230 713 §.95.
274 629 380 692 Mutua
403 635 505 692 autem
535 632 615 694 ratio
647 633 728 692 inter
760 630 831 693 illas
863 632 1047 696 iustinianei
1078 635 1160 697 iuris
1190 641 1291 719 partos

96 733 162 795 baec
185 737 252 808 cst,
283 737 316 792 ut
338 729 500 806 Novello,
524 738 669 812 tanquam
697 736 864 812 postrema
887 732 978 816 leges
1001 735 1084 797 omni
1107 738 1213 800 veteri
1233 737 1290 800 iuri

96 832 270 916 derogent,
304 834 331 894 si
360 831 435 912 quid
465 833 496 893 in
527 831 592 894 iilis
614 833 811 913 reperiatur,
842 832 926 913 quod
951 850 1022 895 cum
1046 835 1107 897 hoo
1129 836 1290 901 conciliari

96 939 242 1013 nequeat.
293 933 436 1013 Reliquae
459 939 564 1014 partes
598 951 637 994 ex
660 932 824 995 iustiniani
844 934 1008 997 voluntate
1030 941 1178 1017 unquam
1201 939 1289 999 unius

95 1036 236 1116 corporis
258 1035 393 1096 memhra
416 1036 484 1114 pari
507 1035 590 1095 inter
612 1052 647 1095 se
667 1035 853 1097 auctoritate
875 1040 947 1096 sunt
970 1033 1175 1122 habendoe1),
1201 1043 1234 1101 et
1253 1039 1290 1102 itu

94 1134 357 1216 interpretandae,
381 1140 415 1194 ut
448 1152 605 1214 nunquam
631 1133 778 1197 Codicoto
809 1136 967 1219 integrum
993 1142 1046 1198 aut
1076 1136 1291 1202 Institutioncs

94 1237 240 1316 integras
263 1235 295 1294 in
317 1239 414 1296 totum
437 1232 601 1296 Pondectis
623 1241 868 1316 anteponamus,
903 1235 1027 1317 quando
1061 1238 1109 1299 his
1131 1237 1291 1302 adversari

95 1335 274 1410 videantur,
297 1334 353 1396 sed
365 1341 401 1396 ιιι
415 1353 450 1397 ca
465 1341 582 1398 tantum
598 1336 768 1398 cuiuslibet
782 1338 887 1416 operis
911 1336 1112 1399 locacetcris
1135 1337 1292 1421 derogare

96 1440 280 1512 statuamus,
304 1453 374 1515 quae
387 1454 468 1498 nova
490 1442 583 1499 vetus
605 1440 656 1500 ius
679 1441 826 1500 mutantia
840 1437 892 1499 vel
914 1439 1107 1520 corrigentia
1123 1442 1292 1504 continent.

95 1535 227 1617 Reliqua
251 1536 358 1599 subtili
380 1538 642 1618 interpretatione
667 1539 748 1600 sicut
774 1538 898 1623 singula
913 1538 1053 1601 eiusdem
1076 1540 1184 1620 operis
1205 1541 1292 1626 frag-

97 1643 200 1699 menta
223 1638 306 1699 inter
326 1655 361 1699 se
380 1639 551 1701 conciliare
574 1657 633 1701 nos
645 1640 802 1720 oportebit
814 1639 854 1723 2).
879 1640 1031 1714 Quocirca
1055 1655 1160 1722 neque
1179 1659 1293 1705 recen·
1331 1647 1333 1657 '

96 1739 187 1801 tioris
206 1739 427 1800 iurisconsulti
451 1738 659 1821 fragmentum
683 1742 714 1802 in
737 1739 899 1803 Pandeetis
921 1740 1097 1824 fragmento
1112 1741 1194 1804 alius
1218 1760 1293 1805 auo-

96 1842 185 1916 toris,
208 1857 243 1902 ea
266 1839 305 1901 dc
326 1857 431 1921 causa,
454 1839 684 1921 praeferendum
700 1847 759 1919 est,
781 1841 864 1923 quod
888 1841 939 1903 hic
961 1844 991 1904 ei
1015 1842 1156 1904 anterior
1182 1842 1293 1917 tuerit3

12 1948 19 1957 “
96 1959 155 2004 nco
186 1942 285 2004 maior
317 1940 378 2002 erit
405 1961 421 2004 a
452 1943 629 2023 posteriore
665 1945 854 2023 imperatore
885 1942 1036 2024 proiectae
1059 1942 1294 2007 constitutionis

96 2043 278 2118 auctoritas,
301 2059 392 2123 quam
415 2045 496 2118 eius,
518 2044 571 2124 qui
595 2045 682 2123 prius
707 2049 907 2126 regnaverat.

139 2141 293 2204 ceteram
321 2141 485 2206 Pandectis
512 2146 690 2206 accuratius
713 2143 789 2225 quid
813 2143 1034 2206 definientibus
1059 2143 1294 2220 institutiones,

97 2243 290 2326 generaliter
310 2242 428 2323 aliquid
451 2249 637 2321 statuentes,
661 2245 776 2307 cedere
798 2244 925 2320 dehere,
951 2243 1102 2306 naturalis
1133 2244 1295 2325 interpre-

97 2344 184 2406 tandi
206 2345 285 2407 ratio
308 2345 500 2433 precipiti).
989 2369 991 2373 ·

592 2534 838 2542 ————-

624 2704 691 2768 tit.
712 2706 756 2768 17.

235 2883 298 2949 DE
316 2884 446 2953 FATIS
469 2885 587 2954 IURIS
611 2884 786 2953 ROMANI
807 2885 930 2952 APUD
950 2882 1155 2953 POPULOS

536 2983 854 3053 RECENTIORES

169 3140 237 3192 mu
251 3143 269 3193 1
307 3143 357 3193 on
375 3141 479 3194 rums
498 3142 593 3197 mers
611 3141 834 3195 susurronum
849 3142 887 3193 ru
904 3140 1054 3193 rursum
1074 3141 1225 3238 nomano

593 3227 799 3297 oemums‘).

141 3367 171 3445 ξ.
186 3364 236 3429 96.
280 3364 353 3425 Post
377 3363 581 3425 lastinianum
614 3365 691 3424 iuris
715 3365 783 3424 eius
806 3379 921 3442 corpus
952 3363 983 3422 in
1005 3377 1133 3423 romano
1157 3360 1296 3425 Orientis

102 3463 232 3542 imperio
245 3481 335 3525 usum
349 3464 497 3546 legisque
509 3465 572 3525 vim
585 3462 751 3538 retinebat,
776 3462 856 3524 etad
871 3480 1009 3525 normam
1024 3461 1062 3522 ab
1076 3463 1144 3522 eius
1166 3470 1297 3527 auctore

100 3564 249 3627 sancitam
273 3565 304 3625 in
326 3564 405 3626 iuris
428 3563 546 3625 scholis
569 3562 794 3643 explicabatur.
838 3549 997 3642 Superest
1013 3560 1087 3623 inde
1109 3561 1200 3624 nohis
1225 3561 1298 3625 Ins-

104 3667 283 3726 titutionum
308 3665 567 3728 iustinianearum
597 3664 797 3746 paraphrasis
822 3662 976 3750 graeca5),
1003 3679 1073 3742 quae
1094 3662 1299 3743 Theophilum

87 3902 89 3909 ,
137 3846 165 3912 1)
186 3846 275 3900 (ionst
297 3849 398 3912 Tanta,
419 3847 443 3907 ἓ
462 3846 504 3899 19.
526 3847 593 3898 coni.
613 3846 703 3898 Oonst.
724 3845 760 3896 de
776 3844 972 3896 Emendatione
993 3844 1110 3908 Codicis,
1129 3841 1154 3906 ὃ.
1173 3843 1199 3899 5·

136 3917 163 3986 2)
184 3918 273 3971 const
296 3919 396 3986 Ponto,
417 3918 441 3981 §-
462 3916 505 3971 15.

136 3989 164 4054 3)
184 3992 227 4042 Ite
245 3992 382 4043 conciliari
400 3995 520 4059 possunt,
541 3989 565 4050 §-
584 3985 626 4040 25.
647 3989 668 4038 Ι
688 3987 714 4049 2,
736 3986 748 4036 1
772 3985 819 4049 (de
838 4001 887 4038 rer.
909 3985 981 4047 dim).
1001 3991 1028 4037 et
1046 3988 1077 4037 ir
1098 3983 1125 4048 7,
1146 3986 1168 4046 ξ.
1188 3984 1214 4050 7,
1233 3991 1298 4039 ins

99 4065 133 4115 D
150 4059 442 4132 41,1(dssaq.rsr
462 4058 553 4126 dom..)

73 4131 76 4138 '
134 4130 214 4200 4)n
235 4081 414 4187 Zaatartqe·
406 4151 434 4184 ιιι
455 4135 509 4185 suis
532 4132 608 4183 libris
635 4130 662 4190 1)
682 4130 808 4182 Hi'mcm
832 4132 901 4181 iuris
924 4133 1125 4195 proecoromcrss'
1148 4130 1299 4182 delineatio

101 4201 179 4258 1839.
224 4202 252 4269 2)
273 4203 323 4258 Ios
345 4205 583 4257 Groeeorcmonum
608 4202 677 4254 liber
701 4201 829 4252 iuridious
854 4205 880 4251 et
901 4200 1022 4266 synopsis
1041 4201 1131 4266 tagum
1155 4200 1245 4252 omnia
1271 4216 1299 4252 se

99 4275 196 4343 Lipsiae
215 4273 293 4328 1857
330 4274 358 4342 3)
378 4274 480 4326 Iacere
501 4274 660 4327 Gsschs'chts
679 4272 726 4324 des
747 4272 940 4325 Griechischen
957 4271 1068 4325 Rechts
1087 4272 1139 4322 Bd.
1158 4273 1178 4322 1.
1206 4273 1299 4339 Leipn.

102 4343 179 4399 1856.
218 4346 375 4411 Mortrsus'h
396 4349 507 4399 historie
528 4349 566 4399 ciac
586 4346 818 4410 droctoyaaacm.
854 4337 1027 4396 Peris1847.
1047 4341 1064 4393 3
1087 4338 1188 4394 v01.8.

102 4485 119 4538 2
137 4413 165 4482 5)
185 4418 319 4541 Optimam
338 4419 415 4470 huius
433 4418 494 4469 libri
507 4417 650 4469 editionem
669 4414 773 4466 curarit
792 4415 955 4468 oscenses.
975 4413 1061 4479 Hegea
1072 4414 1206 4524 Comitum
1220 4409 1300 4466 1751

137 4488 190 4540 vot
783 4520 788 4529 -
