2798 4972
121 319 175 375 194
442 326 644 364 rvsrrrorrons
661 325 736 363 tvans
754 324 861 362 nonant
879 324 1002 363 mvm.

128 462 161 521 in
186 459 318 520 eundem
341 458 497 520 hominem
522 464 554 519 et
576 460 610 520 tn
631 458 761 520 eandem
783 472 849 518 rem
870 473 1067 520 concurrere
1090 475 1154 519 nou
1185 472 1292 537 posse
1303 456 1340 546 ¹).

127 559 191 621 llac
211 561 333 621 ratione
355 560 382 620 si
405 578 446 620 ex
466 559 591 622 duobus
612 560 807 621 testamentis
834 559 942 620 eadem
972 575 1026 620 res
1055 557 1160 619 eidem
1190 556 1342 634 debetur,

126 663 279 722 interest:
313 665 418 722 utrum
440 660 490 720 hic
513 678 580 721 reur
612 677 652 722 au
681 661 916 721 estimationem
949 675 990 719 ex
1015 658 1118 720 altero
1144 664 1342 724 testamento

126 765 316 823 consecutus
338 764 401 821 sit:
434 780 505 823 nam
526 763 554 822 si
577 779 662 836 rem,
693 778 792 842 agere
815 777 878 821 uon
905 764 1028 839 potest,
1063 762 1139 839 quia
1171 758 1273 824 habet
1300 776 1342 824 ex

126 878 220 924 eausa
243 858 416 934 lucrativa3
439 863 467 923 si
492 863 740 936 estimationem,
761 878 861 943 agere
883 865 990 940 potest
999 858 1039 945 2).

167 960 283 1043 §.eso
328 961 390 1024 Sed
413 963 440 1022 si
463 980 529 1024 rem
552 962 696 1044 legatarii
723 963 795 1041 quis
816 963 847 1022 ei
871 962 1048 1043 legaverit,
1072 958 1188 1024 inutile
1211 969 1267 1025 est
1288 963 1341 1026 le-

127 1068 244 1144 gatum,
268 1063 340 1141 quia
362 1063 446 1141 quod
470 1065 520 1123 eui
535 1065 697 1143 proprium
717 1069 777 1137 est,
801 1046 935 1143 amplius
953 1064 1023 1125 eius
1042 1062 1112 1124 lieri
1129 1080 1194 1126 nou
1211 1068 1340 1142 potest3

126 1168 161 1225 et
181 1162 257 1224 licet
279 1181 346 1223 eam
370 1161 559 1225 alienaverit
580 1163 767 1247 legatarius,
788 1181 850 1225 non
874 1161 1009 1225 debetur
1031 1166 1080 1242 ei,
1103 1182 1165 1225 nee
1186 1165 1260 1244 ipsa
1285 1178 1340 1225 res

129 1282 190 1326 nec
213 1265 376 1326 estimatio
408 1264 530 1350 eiust).
573 1264 719 1326 Attamen
749 1264 808 1324 sub
837 1263 1018 1326 conditione
1044 1282 1113 1326 mea
1144 1279 1201 1325 res
1233 1263 1340 1345 legari

130 1368 204 1428 mihi
226 1372 352 1448 potest,
386 1367 460 1445 quia
488 1368 520 1426 in
544 1366 697 1428 eiusmodi
721 1366 835 1448 legatis
857 1383 921 1428 non
946 1366 1127 1428 testamenti
1149 1363 1227 1426 laeti
1252 1369 1338 1426 tem-

128 1482 201 1547 pus,
222 1467 280 1529 sed
301 1466 492 1528 conditionis
514 1464 648 1545 explete
679 1467 815 1545 spectari
844 1471 968 1546 oportet
980 1465 1022 1551 ⁴).
1066 1464 1145 1526 ltem
1169 1464 1261 1527 valet
1283 1464 1339 1525 le-

131 1573 253 1649 gatum,
282 1568 309 1628 si
339 1572 470 1628 testator
498 1584 563 1628 rem
594 1587 611 1628 a
633 1566 787 1649 legatario
812 1571 923 1628 emtam
947 1563 1006 1627 sed
1027 1563 1168 1627 nondum
1189 1564 1341 1626 traditam

131 1669 162 1728 ei
183 1667 280 1749 legat.
324 1667 357 1729 Si
377 1672 485 1746 postea
509 1667 621 1728 tradita
650 1667 765 1742 luerit,
797 1667 953 1729 vindicari
973 1668 1113 1748 poterit:
1145 1668 1175 1727 si
1197 1664 1342 1727 noudum

129 1767 242 1828 tradita
265 1769 325 1842 sit,
353 1767 526 1849 legatarius
547 1767 683 1848 pretium
706 1768 915 1848 consequitur
938 1785 978 1828 ex
1002 1771 1213 1829 testamento:
1248 1770 1283 1826 et
1312 1764 1341 1826 si

127 1869 264 1947 pretium
285 1870 344 1929 iam
366 1868 502 1929 solutum
526 1869 579 1942 sit,
601 1884 656 1928 res
677 1884 755 1929 vero
777 1884 841 1929 nou
861 1866 995 1942 tradita,
1017 1884 1059 1928 ex
1079 1871 1276 1929 testamento
1298 1863 1342 1926 li-

126 1971 322 2034 lterationem
346 1970 564 2048 consequitur,
586 1986 626 2029 ne
647 1968 801 2055 natast).

168 2071 283 2154 §.ost
327 2069 360 2131 Si
385 2072 455 2149 quis
478 2087 544 2130 rem
565 2086 652 2131 suam
664 2070 754 2148 quasi
776 2070 909 2131 alienam
929 2069 1100 2150 legaverit,
1125 2066 1217 2128 valet
1242 2066 1342 2149 lega·

50 2188 56 2215 ·
130 2178 215 2231 tum:
239 2189 308 2232 nam
330 2171 401 2250 plus
426 2169 513 2231 valet
534 2171 617 2251 quod
635 2171 666 2230 in
680 2172 814 2231 veritate
827 2176 888 2246 est,
912 2187 1004 2250 quam
1020 2168 1105 2249 quod
1122 2169 1156 2229 iu
1168 2168 1343 2248 opinioue;

130 2271 187 2334 sed
211 2273 290 2334 etsi
313 2272 459 2352 legatarii
482 2271 604 2350 putavit
626 2275 769 2346 testator,
791 2269 904 2332 valere
925 2275 1064 2333 constat:
1088 2272 1163 2349 quia
1188 2269 1342 2334 voluntas

129 2373 200 2433 eius
223 2373 340 2432 exitum
360 2370 479 2431 ltabere
499 2375 603 2450 potest
614 2372 656 2455 6).

172 2471 288 2553 §.688.
333 2470 424 2532 Facta
447 2470 548 2554 legari
570 2477 714 2552 possunt,
736 2473 763 2532 si
783 2477 916 2533 testator
936 2490 1000 2535 non
1022 2471 1055 2533 id
1071 2471 1142 2533 lieri
1157 2473 1343 2553 scripserit,

130 2571 215 2651 quod
239 2577 347 2633 contra
370 2572 419 2632 ius
442 2577 492 2633 est
516 2571 568 2632 vel
590 2577 698 2634 contra
722 2572 824 2634 bonos
847 2589 963 2647 mores,
987 2572 1090 2634 veluti
1114 2573 1143 2633 si
1170 2574 1343 2653 scripserit

128 2677 238 2733 eontra
261 2672 365 2754 legem
386 2671 504 2751 aliquid
527 2670 580 2733 vel
602 2678 710 2734 contra
729 2671 865 2734 edictum
885 2671 1043 2748 Praetoris,
1065 2673 1232 2736 ueletiam
1245 2681 1342 2756 turpe

127 2771 296 2855 antiquitt).
344 2770 420 2832 ltem
442 2773 554 2832 inutile
575 2773 732 2854 legatum,
764 2774 792 2834 si
813 2772 846 2834 io
869 2772 955 2852 quod
978 2779 1113 2835 testator
1136 2772 1209 2836 lieri
1232 2775 1341 2851 iussit,

126 2873 242 2933 nemini
264 2873 386 2951 prosit:
421 2870 520 2933 veluti
553 2874 580 2932 si
612 2871 743 2934 alienari
773 2874 886 2948 iussit,
917 2891 978 2934 neo
1010 2889 1139 2935 oausam
1169 2877 1341 2956 exprimat,

127 2978 372 3055 propterquam
395 2971 427 3033 id
454 2971 523 3033 lieri
551 2971 640 3048 velit,
662 2988 721 3033 nee
744 2973 927 3035 inveniatur
946 2990 1103 3053 persona,
1136 2975 1235 3036 cuius
1266 2992 1342 3038 res-

124 3080 220 3155 pectu
239 3075 299 3134 ltoc
322 3090 339 3133 a
363 3078 515 3136 testatore
536 3075 721 3153 dispositum
743 3083 792 3135 est
806 3075 846 3160 8).
890 3072 1017 3154 lneptas
1038 3075 1124 3135 enim
1146 3077 1339 3137 testantium

130 3174 312 3236 voluntates
332 3190 397 3234 nou
419 3175 529 3234 valere
550 3179 711 3254 receptum
729 3179 789 3249 est,
811 3178 845 3234 et
860 3173 943 3236 nuda
959 3174 1094 3236 consilia
1110 3175 1244 3255 impune
1258 3192 1342 3239 aon·

125 3279 309 3338 temnuntur
320 3273 359 3359 ⁹).

341 3504 368 3553 h.
388 3508 406 3554 t
442 3503 577 3569 Exempla
595 3502 675 3553 huius
693 3501 791 3568 regula
810 3501 896 3553 habes
913 3502 943 3553 in
958 3502 990 3552 fr.
1010 3499 1073 3554 108.
1097 3501 1123 3562 §·
1141 3500 1170 3556 4.
1189 3505 1225 3554 D.
1245 3502 1291 3558 30.
1308 3508 1342 3558 fr.

126 3503 234 3642 17004,
249 3503 333 3698 {ili}
352 3576 385 3625 n.
403 3578 431 3626 a
445 3572 500 3640 0.).

160 3644 189 3712 2)
209 3648 233 3706 §-
338 3647 431 3769 οἰίὲᾶῐ.
451 3645 495 3698 66.
514 3643 539 3705 §-
561 3642 585 3695 1.
606 3644 639 3694 D.
671 3640 715 3694 31.
732 3641 823 3706 tund,
843 3642 938 3694 stalla
955 3643 1078 3723 tpstantis
1096 3643 1230 3698 voluutas
1246 3647 1341 3711 fuerit,

163 3787 192 3856 3)
210 3790 294 3840 Instit
313 3789 397 3839 verba
416 3788 445 3839 in
462 3785 486 3847 ἓ.
507 3786 548 3839 10.
567 3787 588 3838 1.
607 3788 634 3836 h.
653 3790 672 3836 t.
691 3801 715 3836 a.
724 3782 766 3836 13.
785 3783 815 3836 Ο.
835 3783 862 3848 6,
879 3781 913 3835 37
933 3782 981 3850 (do
998 3782 1118 3852 legatis).

158 3856 189 3926 4)
207 3862 250 3912 Fr.
270 3857 312 3911 98.
330 3861 363 3908 Ι).
380 3856 424 3920 35,
442 3857 458 3909 1
479 3855 528 3923 (ds
549 3858 628 3909 oontl.
650 3862 678 3909 st
697 3852 848 3921 demumst).
888 3856 939 3907 His
962 3861 989 3907 et
1006 3857 1039 3907 fr.
1059 3854 1084 3907 l.
1103 3855 1129 3917 §-
1148 3854 1176 3908 2.
1193 3856 1232 3908 D.
1253 3854 1300 3925 34,
1315 3854 1340 3911 7.

123 3933 257 3998 pertinere
276 3929 393 3990 videtur,
411 3930 433 3980 si
450 3930 489 3979 its
510 3929 617 3997 legeris,
635 3934 665 3980 ut
679 3929 777 3981 verbs:
797 3931 824 3979 st
836 3943 899 3978 sam
919 3929 980 3980 nivo
997 3934 1134 3981 testatore
1153 3930 1340 3998 alienaverat,

124 4018 174 4070 pro
193 4002 347 4053 conditione
364 3999 448 4066 legati
467 4002 592 4067 aaoipias.
1002 4010 1007 4017 '

158 4071 309 4137 5)F1.39.
329 4070 354 4130 §-
370 4069 395 4121 2.
410 4072 444 4120 D.
464 4066 508 4121 30.

157 4141 186 4208 6)
205 4144 229 4203 §-
249 4144 290 4196 11.
310 4145 331 4194 t
350 4143 377 4192 ln
397 4147 416 4193 t
434 4142 467 4191 fr.
486 4138 513 4191 4.
534 4140 558 4198 §-
579 4139 603 4191 1.
625 4141 660 4191 D.
677 4137 722 4203 40,
740 4139 757 4191 2
779 4136 827 4204 (ds
845 4139 999 4190 manumiss.
1018 4134 1117 4203 vinu).

159 4211 188 4280 7)
209 4215 253 4264 Fr.
272 4213 332 4266 112.
351 4210 374 4272 §-
393 4211 418 4264 3.
436 4210 463 4262 4.
484 4213 517 4263 D.
536 4208 580 4264 30.
600 4213 735 4278 Exempla
753 4211 839 4262 habes
856 4210 885 4261 lu
904 4211 936 4261 fr.
956 4207 1017 4261 114.
1039 4208 1065 4268 ἓ.
1074 4207 1101 4261 8.
1122 4210 1237 4264 naon.
1254 4211 1336 4265 fest.

123 4282 304 4344 661132.
340 4281 422 4345 Quod
449 4282 486 4332 sd
511 4283 656 4334 h‘berorum
680 4281 937 4348 emancipandorum
962 4280 1148 4333 oondtuonem
1168 4285 1282 4349 attinet,
1308 4299 1336 4335 ss

120 4357 208 4420 ipsum
227 4357 334 4421 eor-tigit
351 4355 485 4420 Ulpianus
501 4355 531 4405 in
547 4355 580 4404 fr.
600 4351 643 4405 92.
661 4354 695 4403 D.
716 4351 760 4416 35,
781 4354 793 4404 l
817 4352 865 4419 ido
884 4348 984 4405 condit
1003 4357 1031 4404 st
1051 4350 1224 4420 demonstro.

156 4424 185 4490 8)
202 4427 246 4476 Fr.
263 4425 324 4478 114.
343 4425 368 4485 §-
387 4424 429 4477 14.
450 4427 484 4474 D.
501 4423 544 4477 30.

156 4491 186 4557 9)
204 4495 247 4546 Fr.
265 4493 326 4547 118.
346 4495 369 4556 5.
387 4494 413 4548 ὅ.
434 4496 467 4545 D.
487 4494 549 4547 sod.
