2804 4966
510 289 592 329 ιιιιιιι
602 289 632 330 ιι.
644 288 709 327 rnna
717 288 747 330 ιι.
759 288 815 326 ιιι.
826 288 868 330 ιιι,
1245 284 1296 339 167

133 422 372 487 coniunctissimos
396 420 457 482 sibi
477 425 630 502 cognatos
655 419 818 500 praeterire
841 418 969 495 liceret3
995 440 1058 484 non
1083 443 1154 486 raro
1175 427 1295 502 evenit,

132 532 162 587 ut
178 528 295 606 parentes
316 521 437 584 liberos
458 520 615 600 liberique
639 525 785 600 parentes
809 540 825 581 a
849 520 939 582 bonis
960 523 1026 582 suis
1048 524 1158 604 inique
1182 525 1296 586 exclu-

132 624 229 686 derent.
264 622 327 684 llac
348 621 388 684 de
411 622 534 684 ratione
555 622 624 682 iure
647 620 736 682 civili
756 620 968 683 introductum
991 629 1050 699 est,
1072 629 1107 684 ut
1129 626 1198 686 sine
1213 627 1296 686 iusta

132 742 208 788 causa
225 722 400 787 exheredati
424 721 476 784 rel
495 721 647 802 praeteriti
671 720 710 783 de
734 722 843 801 iniquo
864 721 917 783 vel
940 722 1128 799 inofficioso,
1151 729 1185 784 ut
1204 724 1295 786 dice-

131 825 213 901 batur,
239 828 419 888 testamento
451 822 611 902 querelam
645 839 748 884 coram
771 824 974 885 centumviris
997 830 1127 904 possent
1152 842 1293 902 movere,

130 927 185 1003 qui,
200 923 307 1004 quando
328 929 477 1004 parentes
498 922 549 984 vel
573 921 664 984 liberi
689 922 786 985 aliive
812 926 938 1007 cognati
960 926 1078 987 iniuste
1100 944 1117 986 a
1141 930 1294 989 testatore

129 1023 229 1087 exclusi
248 1029 353 1086 essent
375 1023 515 1105 cogniti,
550 1022 704 1085 eiusmodi
728 1029 966 1101 testamentum,
1001 1025 1091 1105 quasi
1117 1044 1134 1087 a
1161 1025 1294 1103 furioso,

129 1126 176 1203 qui
191 1124 297 1204 pietatis
319 1123 456 1187 officium
473 1122 682 1206 neglexisset,
707 1124 820 1186 factum
843 1125 1076 1201 rescindebant,
1099 1130 1133 1186 ut
1147 1125 1295 1207 legitime

128 1226 304 1303 successioni,
325 1225 555 1306 praeteritarum
575 1242 782 1306 personarum
805 1229 916 1307 gratia,
939 1232 1024 1288 esset
1045 1225 1188 1310 locus1).
1226 1225 1293 1287 Ne-

78 1310 84 1324 ’
130 1341 183 1403 que
198 1343 262 1389 uero
281 1326 321 1388 de
342 1343 381 1388 eo
402 1326 616 1407 querebantur
640 1326 688 1388 hae
709 1343 870 1406 personae,
902 1326 986 1406 quod
1008 1327 1146 1388 heredes
1170 1329 1201 1388 in
1224 1331 1293 1386 tes-

127 1429 236 1489 tamento
253 1426 349 1507 patris
370 1427 496 1506 scriptae
519 1443 582 1488 non
605 1433 724 1502 essent,
747 1426 804 1488 sed
827 1426 911 1506 quod
933 1428 1011 1506 ipsis
1034 1446 1051 1489 a
1076 1432 1227 1489 testatore
1248 1427 1292 1489 nil

129 1530 199 1585 esset
215 1525 361 1588 relictum.

163 1624 255 1704 §.otc
296 1626 375 1690 lude
395 1626 451 1689 illa
473 1629 551 1690 iuris
574 1626 688 1709 regula
709 1631 849 1708 recepta,
875 1628 970 1688 certis
988 1628 1142 1709 cognatis,
1164 1633 1294 1707 utque-

126 1722 180 1787 relu
201 1735 407 1804 removeatur,
439 1728 556 1808 aliquid
588 1745 628 1789 ex
656 1728 747 1790 bonis
773 1729 951 1790 testantium
981 1745 1171 1808 quocunque
1201 1729 1293 1791 titulo

127 1840 183 1885 assa
199 1828 439 1910 relinquendum.
484 1829 523 1890 Et
542 1834 613 1908 post
634 1828 739 1911 legem
761 1828 940 1904 Falcidiam,
966 1829 1061 1911 (anno
1085 1828 1146 1890 714
1161 1847 1188 1888 a.
1203 1846 1234 1887 ιι.
1247 1831 1291 1914 c.)

127 1921 253 1989 definitum
272 1935 333 2007 est,
358 1935 391 1990 ut
414 1934 555 2010 quartam
579 1930 647 1990 eius
666 1930 820 2009 portionis
844 1935 974 2009 partem,
998 1946 1090 2008 quam
1114 1929 1151 2003 is,
1178 1928 1228 1988 cui
1253 1944 1291 1988 ea

127 2022 298 2107 relinquenda
320 2035 400 2105 crat,
424 2029 461 2091 ab
483 2031 631 2091 intestato
654 2047 694 2090 ex
716 2028 959 2091 delurrctibonis
979 2031 1167 2108 recepisset,
1190 2029 1219 2087 ei
1234 2045 1291 2088 rc-

127 2121 241 2205 linquere
263 2131 393 2193 deberet
422 2136 554 2192 testator
565 2130 604 2217 2).
650 2129 722 2191 Haec
754 2136 862 2209 quarta
893 2135 1003 2209 postea
1033 2130 1137 2209 portio
1169 2128 1294 2208 legibus

126 2219 203 2291 dubita
226 2233 405 2307 vocabatur,
430 2248 513 2292 nunc
536 2231 667 2310 lcpttbnc
688 2232 792 2310 portio
816 2230 867 2291 vel
893 2230 1079 2310 simpliciter
1097 2229 1228 2308 lepitima
1242 2227 1293 2289 di-

124 2322 193 2389 citur.
229 2332 348 2407 Quodsi
368 2351 406 2395 ea
429 2337 617 2394 testamento
639 2349 702 2393 non
725 2337 811 2393 esset
834 2330 916 2404 data,
942 2330 994 2392 vel
1017 2332 1048 2392 in
1071 2348 1110 2392 eo
1131 2331 1293 2405 diminuta,

124 2422 161 2484 val
185 2449 234 2512 per
264 2435 348 2496 inter
376 2435 468 2496 vivos
491 2433 690 2494 donationem
715 2432 883 2508 exhausta,
919 2431 1088 2495 inofficiosi
1115 2433 1292 2494 testamenti

121 2520 159 2585 tel
176 2531 346 2596 donationis
368 2534 498 2614 querela
518 2533 766 2613 permittebatur.

148 2629 248 2708 §·590.
293 2633 360 2696 Tali
380 2634 472 2696 modo
496 2633 556 2695 hoc
586 2633 635 2694 ius
666 2634 850 2713 perduravit
879 2634 1048 2713 perpaucis
1079 2633 1289 2695 tantummodo

113 2732 215 2795 nutans
236 2722 340 2814 usque
363 2733 402 2796 ad
427 2732 641 2795 lastinianum.
688 2732 911 2795 Constantinus
937 2734 1017 2794 enim
1049 2733 1092 2794 nil
1115 2735 1290 2810 innovavit,

108 2823 209 2896 ¹1isiut
229 2839 398 2896 statueret:
421 2833 505 2895 inter
525 2839 677 2916 cognatos
702 2851 741 2895 ex
762 2838 947 2920 transvprsa
967 2834 1049 2895 linea
1072 2832 1159 2896 solos
1177 2832 1291 2896 iratres

106 2919 244 3013 defuncti,
268 2936 438 3017 agnatione
463 2936 585 2997 iunctos
616 2935 786 3017 legitimam
815 2937 991 3015 portionem
1018 2934 1136 2997 babere
1153 2933 1292 3010 debere,

99 3016 188 3111 ili(tue
208 3037 336 3101 nonnmi
360 3053 398 3098 eo
420 3036 452 3097 in
474 3053 560 3111 casu,
584 3053 646 3115 quo
670 3035 836 3098 defunctus
861 3035 959 3099 lrater
982 3042 1104 3115 turpem
1125 3050 1291 3114 personam

96 3117 281 3200 instituisset
303 3136 452 3198 heredem
465 3136 506 3222 ⁸).

129 3236 164 3315 ἓ.
175 3238 248 3306 591.
293 3236 484 3298 Iustinianus
508 3254 634 3317 quoque
658 3243 821 3317 utramque
839 3239 958 3300 veteris
972 3238 1050 3298 iuris
1066 3252 1204 3298 normam
1219 3250 1292 3295 ser-

92 3332 188 3414 vavit,
211 3339 300 3400 hisce
323 3336 512 3399 reformatis.
556 3337 625 3401 Non
649 3337 750 3400 solum
772 3338 971 3401 filiofamilias
990 3337 1046 3398 sed
1066 3338 1181 3417 quovis
1202 3336 1292 3395 etiam

89 3421 154 3497 ulio
175 3456 233 3501 suo
257 3437 376 3500 herede
400 3437 451 3499 vel
473 3441 667 3520 emancipato
689 3441 814 3515 omisso,
838 3438 950 3501 inutile
976 3454 1048 3499 esse
1069 3436 1170 3498 voluit
1190 3439 1290 3495 testa-

87 3535 246 3616 mentum,
278 3539 332 3601 vel
353 3538 507 3601 bonorum
533 3541 767 3619 possessionem
798 3545 906 3601 contra
937 3537 1057 3599 tabulas
1083 3535 1241 3598 concessit
1252 3532 1291 3620 ⁴).

88 3616 198 3718 luusit,
222 3645 255 3701 ut
279 3637 410 3721 querela
429 3638 596 3702 inofliciosi
618 3642 796 3702 testamenti
817 3657 881 3702 non
896 3641 996 3720 possit
1007 3639 1140 3712 moveri,
1165 3634 1290 3715 quando

87 3735 165 3805 lars
187 3741 337 3824 legitimae
358 3740 514 3822 portionis
543 3746 629 3802 esset
653 3740 783 3817 relicta,
816 3740 873 3802 sed
899 3739 1086 3818 implendam
1119 3756 1186 3801 earn
1217 3755 1289 3801 esse

86 3852 290 3888 N...-

123 3960 157 4028 1)
177 3966 220 4017 Pr.
238 3966 259 4016 1.
278 3962 356 4028 2,18
378 3964 427 4029 (dc
448 3965 521 4017 inoff.
540 3961 666 4031 testam).
690 3967 722 4017 fr.
742 3962 819 4016 1-5.
843 3967 877 4016 D.
897 3963 923 4027 5,
944 3965 960 4016 2
980 3961 1052 4026 (cod.
1071 3960 1131 4028 ιιι).
1167 3962 1228 4011 Hoc
1245 3960 1287 4013 ius

85 4028 199 4159 ‘gorgia
206 4052 268 4158 11ch
280 4038 458 4095 centumuiros
481 4037 661 4089 introductum
680 4053 739 4089 esse
756 4037 868 4088 uidetur.
896 4037 956 4088 Val.
979 4037 1052 4086 Max.
1072 4036 1129 4086 Vll.
1149 4031 1173 4084 7.
1194 4035 1225 4082 fr.
1246 4027 1288 4081 13.

122 4171 156 4242 2)
173 4181 247 4248 Lago
265 4178 387 4229 Falcidia
404 4178 527 4244 legitima
544 4179 673 4245 portionis
691 4179 867 4247 quantitatem
884 4181 998 4247 primum
1011 4178 1147 4228 definitam
1165 4188 1233 4234 esse,
1253 4187 1289 4220 ex

85 4242 172 4302 vgriis
191 4251 339 4304 rationibus
359 4250 491 4302 conficere
506 4251 577 4302 licet.

124 4313 156 4384 3)
175 4322 247 4386 (1.1,
266 4323 293 4375 2.
311 4321 341 4373 Ο.
360 4322 465 4374 Theod.
484 4321 510 4385 2,
529 4322 572 4384 19,
592 4337 649 4389 quta
663 4321 759 4388 paucis
777 4321 883 4371 mutatis
901 4321 929 4370 in
947 4337 969 4371 c.
989 4316 1031 4371 27.
1053 4317 1119 4381 (td,
1138 4313 1172 4368 28
1191 4310 1286 4380 (aad).

85 4372 225 4446 *sumtu
243 4399 311 4447 sunt.
470 4423 482 4447 t

123 4456 158 4529 4)
175 4464 199 4527 s.
217 4462 243 4519 5.
259 4467 282 4519 1.
300 4466 328 4519 ιι.
344 4472 364 4518 ι.
385 4482 408 4518 0.
422 4463 448 4517 4.
468 4463 498 4517 c.
517 4463 545 4528 6,
563 4463 598 4517 aa
620 4458 668 4526 (ιο
686 4460 778 4512 rubens
796 4458 954 4528 pracerum).
