2804 4966
155 313 208 369 150
479 323 679 362 tusrrrurrornrs
692 321 773 362 'ruam
796 323 900 360 nourr
917 322 1037 361 rnrvnrr.

139 511 141 517 .
159 454 263 515 fructu
284 458 408 532 partem
431 454 615 516 hereditatis
639 454 767 517 dominii
789 455 861 516 iure
881 455 939 516 hac
961 455 1029 534 ipsa
1049 453 1123 535 lege
1145 455 1174 514 ei
1197 452 1288 514 dedit
1310 452 1360 513 le-

152 552 338 641 gislat0r1).

197 659 227 738 ξ.
241 654 314 721 522.
358 654 390 718 si
402 653 482 717 nulli
494 661 568 717 sunt
579 658 798 735 ascendentes,
821 657 882 720 soli
897 661 1011 719 iratres
1031 661 1063 718 et
1078 672 1208 718 sorores
1221 659 1360 734 utroque

149 757 249 826 latere
262 754 411 818 defuneto
426 757 595 834 coniuncti,
618 759 690 820 item
713 758 806 820 liberi
819 774 928 820 eorum
948 762 1119 830 vocantur3
1142 760 1174 817 et
1197 755 1241 831 hi,
1260 759 1360 834 quot-

150 875 275 937 cunque
286 862 368 934 sunt,
392 862 506 919 tantam
529 876 568 920 ex
585 859 760 922 hereditate
777 865 896 940 partem
921 859 1058 938 capiunt,
1076 861 1220 937 quantam
1239 870 1358 936 parens

155 975 263 1021 eorum
279 957 393 1020 luisset
409 958 584 1037 habiturus,
608 961 635 1022 si
656 963 799 1022 vixisset.
844 960 988 1040 Denique
1004 960 1063 1022 etsi
1078 957 1137 1021 soli
1152 957 1359 1019 inveniantur

158 1079 198 1122 ex
217 1058 433 1141 praedeluncto
456 1059 552 1122 iratre
575 1079 724 1144 germano
746 1061 850 1138 liberi,
885 1063 917 1123 hi
940 1061 1083 1125 omnibus
1105 1058 1175 1121 eliis
1198 1057 1359 1140 cognatm,

153 1164 347 1246 ideoque-et
371 1161 460 1223 lratri
484 1163 652 1241 sororique
673 1161 822 1224 deiunoto
847 1178 886 1223 ex
901 1177 963 1223 uno
980 1165 1097 1222 tantum
1121 1163 1255 1238 parente
1278 1174 1360 1218 con-

150 1270 284 1342 innstis,
318 1263 548 1346 praeieruntur,
578 1263 655 1324 licet
687 1264 779 1326 tertio
811 1262 912 1346 gradu
942 1264 1006 1326 sint
1018 1262 1058 1348 ²).
1102 1259 1165 1322 llao
1194 1263 1302 1319 autem
1323 1258 1359 1318 in

152 1369 260 1450 specie
283 1364 614 1426 controversissimum
636 1368 701 1425 est:
724 1369 839 1440 utrum,
862 1364 890 1424 si
914 1381 954 1426 ex
970 1361 1117 1443 pluribus
1130 1358 1358 1442 predelunctis

153 1466 303 1529 fratribus
326 1463 378 1525 vel
400 1463 563 1526 sororibus
584 1462 676 1525 liberi
700 1464 885 1540 suooedunt,
909 1464 941 1525 in
964 1463 1065 1542 cupita
1089 1458 1251 1523 hereditas
1268 1458 1359 1520 divi-

103 1615 106 1619 .
153 1567 254 1630 denda
276 1554 327 1641 sit,
352 1582 391 1626 an
411 1565 442 1625 in
463 1562 607 1644 stirpes?
632 1564 763 1645 Propter
784 1566 944 1628 silentium
967 1563 1132 1626 Iustiniani
1144 1564 1204 1624 iarn
1221 1579 1240 1623 a
1258 1559 1359 1633 Glos-

152 1674 290 1731 satorum
314 1664 387 1727 inde
409 1668 499 1726 aetate
518 1665 550 1725 in
571 1671 736 1745 utramque
758 1671 876 1747 partem
893 1665 932 1727 de
948 1683 984 1728 ea
1001 1683 1037 1726 re
1050 1663 1203 1744 disputari
1215 1661 1302 1724 solet
1312 1659 1356 1746 ³).

192 1772 222 1850 ξ.
235 1766 306 1834 523.
350 1764 419 1828 Non
435 1766 642 1828 existentibus
661 1767 820 1844 sratrihus,
847 1766 1053 1830 sororibusve
1068 1765 1228 1848 germanis
1244 1776 1358 1823 eorum

153 1884 324 1948 earumque
344 1865 416 1927 liliis
438 1870 491 1928 aut
512 1863 653 1944 filiabus,
675 1867 708 1928 in
730 1889 841 1930 rrnrro
865 1866 976 1930 ordine
1000 1867 1038 1929 ad
1062 1864 1269 1928 hereditatem
1292 1880 1357 1925 ro-

151 1967 399 2036 eanturiratres
424 1968 653 2049 consanguinei
680 1973 711 2029 et
740 1969 856 2030 uterini
887 1973 918 2029 et
946 1984 1075 2031 sorores
1106 1965 1357 2046 consanguineae

150 2077 182 2135 et
203 2071 347 2144 uterinae,
370 2069 391 2129 i.
415 2086 442 2129 e.
466 2067 580 2130 iratres
604 2073 636 2130 et
657 2086 785 2131 sorores
807 2070 861 2150 qui
882 2069 1007 2131 nonnisi
1031 2085 1094 2131 uno
1116 2071 1250 2148 parente
1272 2082 1356 2126 oon-

150 2171 248 2235 iunoti
268 2175 341 2232 sunt
363 2168 511 2231 defuncto
534 2171 604 2230 sive
625 2186 683 2248 per
704 2175 823 2250 patrem
846 2170 915 2232 sive
936 2187 994 2250 per
1015 2174 1154 2231 matrem.
1173 2210 1174 2213 ,
1199 2165 1290 2228 Etsi
1314 2182 1356 2227 ex

148 2273 187 2335 iis
210 2276 418 2353 praemortuus
441 2269 523 2332 forte
547 2269 661 2349 aliquis
693 2268 862 2351 reliquerit
891 2270 992 2350 lilios;
1027 2270 1059 2331 hi
1089 2265 1222 2349 perinde
1254 2271 1291 2327 ut
1321 2265 1355 2326 in

149 2388 369 2456 germanorum
401 2368 473 2432 filiis
503 2369 620 2431 dictum
652 2376 719 2447 est,
756 2388 826 2433 curn
853 2370 935 2435 tutte
957 2369 1064 2457 suist)
1090 2368 1300 2432 admittuntur
1322 2368 1354 2426 et

151 2472 284 2534 eandem
303 2477 423 2553 partem
448 2489 487 2533 ex
516 2470 691 2537 hereditate
721 2473 897 2552 acoipiunt,
931 2490 1022 2553 quam
1050 2486 1166 2551 parens
1187 2484 1299 2530 eorum
1322 2466 1351 2528 si

146 2574 282 2649 viveret,
307 2574 482 2654 accepisset
494 2572 531 2658 5).
556 2571 653 2634 lidem
675 2577 705 2634 et
724 2572 857 2653 reliquis
881 2573 1025 2655 cognatis
1046 2566 1350 2653 preferuntur,etsi

147 2671 208 2736 soli
239 2674 321 2750 sint,
352 2675 422 2734 ise.
453 2674 480 2734 si
513 2690 575 2735 non
605 2673 698 2735 simul
729 2690 799 2735 cum
827 2679 938 2754 patruo
961 2673 1014 2735 vel
1045 2674 1155 2747 amita,
1188 2665 1350 2732 avunculo

147 2774 199 2837 vel
224 2780 389 2836 matertera
418 2773 686 2860 appellanturi).·
711 2773 779 2847 Quo
801 2776 834 2835 in
862 2793 937 2837 casu
966 2773 1018 2835 vel
1041 2771 1205 2835 sororibus
1233 2786 1276 2832 ex
1297 2767 1349 2830 di-

147 2876 250 2936 versis
273 2874 422 2936 iratribus
451 2874 674 2954 praedelunctis
698 2874 789 2937 liheri
811 2877 990 2956 supersint,
1023 2874 1136 2934 iterum
1157 2870 1347 2951 disputatur,

148 2963 254 3036 utrum
276 2975 308 3035 in
331 2975 431 3055 capita
453 2992 492 3035 an
518 2975 549 3036 in
572 2977 689 3057 stirpes
712 2975 880 3038 dividenda
904 2977 947 3037 sit
967 2969 1182 3057 hereditasl).

183 3146 211 3216 1)
230 3150 273 3199 An
290 3149 318 3198 hi
336 3147 412 3198 liberi
431 3149 510 3199 etiam
527 3150 556 3200 in
573 3151 626 3202 hoo
644 3153 736 3204 ordine
753 3159 892 3218 noeentur,
909 3154 932 3206 si
950 3154 1001 3208 soli
1015 3167 1076 3210 oum
1089 3150 1247 3218 perentibus
1259 3163 1347 3215 super·

148 3221 213 3272 sint:
236 3221 343 3287 quaestio
363 3223 403 3270 est
421 3224 637 3287 quammaxime
657 3223 740 3275 dubia
760 3231 787 3276 et
805 3232 983 3278 oontrorerse.
1021 3225 1065 3275 Ex
1082 3224 1175 3289 legum
1194 3221 1285 3272 verbis
1303 3232 1347 3271 eos

146 3307 201 3342 non
220 3292 337 3353 admitti,
365 3290 510 3342 dicendum
529 3297 576 3344 est.
615 3294 681 3345 (lum
703 3296 731 3345 in
750 3297 866 3348 Novella
885 3293 943 3348 118.
962 3295 1094 3363 expressis
1112 3293 1202 3345 rerhis
1231 3305 1347 3343 remore-

146 3368 234 3427 antur,
253 3363 276 3414 si
292 3367 418 3429 parentes
440 3362 566 3416 defuneto
586 3367 729 3431 supersint:
749 3373 776 3418 et
793 3369 821 3418 in
838 3370 906 3420 Nor.
926 3366 985 3420 127.
1006 3374 1063 3421 tum
1082 3366 1191 3417 demum
1212 3363 1346 3430 appellen·

146 3439 197 3498 tur,
216 3435 323 3502 quando
344 3438 370 3485 et
388 3436 483 3486 fratres
495 3437 640 3487 suooedunt
650 3437 789 3491 defuneto:
808 3441 836 3490 in
853 3440 963 3507 reliquis
983 3439 1090 3491 ossibus
1103 3435 1211 3488 exclusi
1229 3431 1348 3487 habendi

145 3511 214 3558 sunt.
233 3507 294 3557 Hoe
313 3510 339 3556 et
358 3505 456 3557 ultimis
475 3508 568 3573 eapitis
589 3508 614 3560 1.
635 3510 702 3560 Nor.
720 3511 800 3562 huius
818 3512 1047 3571 verbisfirmatur:
1067 3509 1116 3572 ,ut
1131 3511 1161 3557 ut
1178 3507 1258 3558 brevi
1276 3505 1347 3556 dioe-

146 3593 215 3638 mus‚
235 3594 314 3645 quern
331 3578 422 3628 looum
441 3579 493 3630 illis
513 3579 652 3643 dedimus,
673 3582 783 3649 quaudo
798 3600 858 3635 eum
876 3587 939 3636 solta
951 3584 1093 3650 fratribus
1110 3582 1261 3636 vocantur,
1287 3591 1346 3628 eum

147 3664 253 3716 quoque
272 3649 374 3700 habere
393 3651 524 3713 volumus,
543 3653 651 3719 quando
671 3655 879 3720 eumfrotrs'bus
898 3655 1006 3722 quidam
1026 3650 1285 3706 exasoendentibus
1302 3663 1346 3699 ro·

147 3719 265 3771 eantur.“
300 3721 343 3770 De
365 3736 431 3772 oasu
450 3738 502 3789 quo
521 3724 616 3776 iratres
641 3740 697 3775 non
717 3725 785 3790 sint,
814 3727 947 3778 anteriore
963 3726 1020 3777 iure
1046 3724 1084 3775 nil
1110 3726 1260 3774 mutatum:
1286 3733 1346 3786 ergo

144 3791 264 3843 Novella
283 3789 344 3842 118.
362 3793 439 3844 loeus
459 3799 507 3844 est.
875 3827 877 3829 ·

180 3858 208 3928 2)
230 3863 297 3913 Nor.
317 3860 376 3914 118.
398 3879 420 3926 ο.
440 3862 465 3915 3.
484 3865 568 3915 initio.
1199 3891 1210 3901 ·

179 3930 207 3997 3)
227 3935 283 3984 Ano
303 3934 332 3983 in
352 3936 440 4000 eapite
461 3935 635 3987 dividendam
654 3951 714 3987 esse
737 3936 916 3989 hereditatem
934 3935 1124 3987 eontenderarz
1149 3931 1297 3986 Aooursius
1320 3930 1348 3982 iu

149 4006 253 4071 stirpes.
289 4005 342 4056 Ille
363 4005 415 4056 iuri
437 4007 520 4058 reteri
545 4007 671 4058 standum
690 4022 749 4058 esse
768 4010 887 4074 putarit,
913 4023 974 4058 oum
992 4007 1155 4058 lastinianus
1172 4005 1213 4057 nil
1230 4009 1347 4057 mutsre-

144 4078 185 4128 rlt
206 4078 268 4142 Arg.
289 4078 321 4126 fr.
344 4075 368 4128 2.
387 4075 455 4136 M.
472 4080 506 4129 D.
526 4075 570 4140 38,
589 4076 623 4130 16
644 4076 689 4144 (de
706 4079 761 4130 suis
779 4083 805 4131 et
823 4077 917 4145 legit).
937 4096 960 4131 e.
977 4075 1021 4130 14.
1039 4079 1101 4130 inl.
1123 4073 1263 4140 (1.6,511
1297 4075 1348 4126 tue

142 4165 190 4201 eos
212 4163 315 4212 semper
333 4146 466 4199 inlesum
483 4154 621 4214 parentum
639 4165 745 4200 suorum
764 4167 781 4200 a
798 4151 944 4203 Iustiniano
963 4149 1068 4202 admitti
1084 4149 1261 4202 existimevlt.

178 4217 208 4284 4)
227 4221 269 4270 Ita
287 4220 314 4270 in
333 4220 392 4286 ipsa
413 4221 528 4272 Novella
547 4225 691 4283 vedentur,
716 4224 761 4289 qui
785 4223 867 4274 hodie
893 4226 984 4275 onolee
1011 4226 1039 4272 et
1060 4219 1348 4282 rememoratum

142 4307 226 4358 grasso
247 4291 333 4343 decos.
432 4289 461 4357 ὅ)
480 4293 548 4343 Nor.
566 4290 626 4343 118.
645 4309 667 4342 e.
686 4290 712 4343 3.

180 4361 209 4426 6)
228 4363 291 4426 Arg.
310 4362 378 4415 Nor.
397 4365 469 4415 verb.
489 4364 516 4414 in
535 4379 557 4413 e.
577 4360 602 4414 3.
621 4362 681 4415 Hoc
700 4372 791 4416 eutem
804 4368 979 4432 priortepettm
998 4369 1025 4417 et
1044 4377 1099 4430 seq.
1120 4367 1148 4414 et
1165 4359 1190 4423 ὃ.
1212 4362 1239 4416 1.

181 4430 210 4496 7)
229 4432 305 4555 Idelm
323 4435 443 4487 obtinere
465 4434 559 4487 debet:
589 4434 662 4502 quod
679 4435 747 4484 inter
765 4437 863 4488 liberos
887 4436 1002 4502 plurium
1019 4439 1133 4488 fratrum
1158 4448 1349 4502 munerum

145 4504 321 4557 statuisset.
798 4509 801 4516 '

213 4674 224 4710 1
