<?xml version="1.0" encoding="UTF-8"?>
<!DOCTYPE html PUBLIC "-//W3C//DTD XHTML 1.0 Transitional//EN"
    "http://www.w3.org/TR/xhtml1/DTD/xhtml1-transitional.dtd">
<html xmlns="http://www.w3.org/1999/xhtml" xml:lang="en" lang="en">
 <head>
  <title>
</title>
<meta http-equiv="Content-Type" content="text/html;charset=utf-8" />
  <meta name='ocr-system' content='tesseract 3.04.00' />
  <meta name='ocr-capabilities' content='ocr_page ocr_carea ocr_par ocr_line ocrx_word'/>
</head>
<body>
  <div class='ocr_page' id='page_1' title='image "./institutionesiu00warngoog_0220.png"; bbox 0 0 2798 4972; ppageno 0'>
   <div class='ocr_carea' id='block_1_1' title="bbox 501 301 1278 356">
    <p class='ocr_par' dir='ltr' id='par_1_1' title="bbox 501 301 1278 356">
     <span class='ocr_line' id='line_1_1' title="bbox 501 301 1278 356; baseline 0.013 -10"><span class='ocrx_word' id='word_1_1' title='bbox 501 307 702 350; x_wconf 55' lang='lat' dir='ltr'><strong>sunnam</strong></span> <span class='ocrx_word' id='word_1_2' title='bbox 713 309 743 346; x_wconf 88' lang='lat' dir='ltr'><strong>rr.</strong></span> <span class='ocrx_word' id='word_1_3' title='bbox 755 306 815 347; x_wconf 73' lang='lat' dir='ltr'><strong>sur.</strong></span> <span class='ocrx_word' id='word_1_4' title='bbox 828 309 852 350; x_wconf 65' lang='grc' dir='ltr'>π</span> <span class='ocrx_word' id='word_1_5' title='bbox 1225 301 1278 356; x_wconf 78' lang='grc'><strong>203</strong></span> 
     </span>
    </p>
   </div>
   <div class='ocr_carea' id='block_1_2' title="bbox 65 436 1307 3063">
    <p class='ocr_par' dir='ltr' id='par_1_2' title="bbox 66 436 1307 1837">
     <span class='ocr_line' id='line_1_2' title="bbox 115 436 1307 521; baseline 0.005 -19"><span class='ocrx_word' id='word_1_6' title='bbox 115 442 149 521; x_wconf 63' lang='lat' dir='ltr'><strong>g.</strong></span> <span class='ocrx_word' id='word_1_7' title='bbox 159 438 232 503; x_wconf 85' lang='grc'><strong>713.</strong></span> <span class='ocrx_word' id='word_1_8' title='bbox 278 436 470 500; x_wconf 67' lang='lat' dir='ltr'><strong>lastinianus</strong></span> <span class='ocrx_word' id='word_1_9' title='bbox 492 444 596 500; x_wconf 86' lang='lat' dir='ltr'><strong>uutem</strong></span> <span class='ocrx_word' id='word_1_10' title='bbox 609 454 678 500; x_wconf 85' lang='lat' dir='ltr'><strong>cum</strong></span> <span class='ocrx_word' id='word_1_11' title='bbox 697 455 760 500; x_wconf 91' lang='lat' dir='ltr'><strong>non</strong></span> <span class='ocrx_word' id='word_1_12' title='bbox 784 439 986 503; x_wconf 87' lang='lat' dir='ltr'><strong>solumomne</strong></span> <span class='ocrx_word' id='word_1_13' title='bbox 1003 441 1173 506; x_wconf 76' lang='lat' dir='ltr'><strong>discrimen</strong></span> <span class='ocrx_word' id='word_1_14' title='bbox 1195 445 1307 508; x_wconf 69' lang='lat' dir='ltr'><strong>intere</strong></span> 
     </span>
     <span class='ocr_line' id='line_1_3' title="bbox 69 537 1278 628; baseline 0.003 -25"><span class='ocrx_word' id='word_1_15' title='bbox 69 545 185 603; x_wconf 82' lang='lat' dir='ltr'><strong>velers</strong></span> <span class='ocrx_word' id='word_1_16' title='bbox 206 537 386 622; x_wconf 78' lang='lat' dir='ltr'><strong>legatorum</strong></span> <span class='ocrx_word' id='word_1_17' title='bbox 409 556 539 621; x_wconf 79' lang='lat' dir='ltr'><strong>genera,</strong></span> <span class='ocrx_word' id='word_1_18' title='bbox 562 555 672 600; x_wconf 86' lang='lat' dir='ltr'><strong>verum</strong></span> <span class='ocrx_word' id='word_1_19' title='bbox 688 539 780 600; x_wconf 84' lang='lat' dir='ltr'><strong>etism</strong></span> <span class='ocrx_word' id='word_1_20' title='bbox 794 540 844 601; x_wconf 94' lang='lat' dir='ltr'><strong>ius</strong></span> <span class='ocrx_word' id='word_1_21' title='bbox 858 540 975 604; x_wconf 80' lang='lat' dir='ltr'><strong>caduca</strong></span> <span class='ocrx_word' id='word_1_22' title='bbox 987 543 1166 606; x_wconf 84' lang='lat' dir='ltr'><strong>vindicandi</strong></span> <span class='ocrx_word' id='word_1_23' title='bbox 1180 545 1278 628; x_wconf 85' lang='lat' dir='ltr'><strong>(quod</strong></span> 
     </span>
     <span class='ocr_line' id='line_1_4' title="bbox 71 638 1277 727; baseline 0.002 -23"><span class='ocrx_word' id='word_1_24' title='bbox 71 642 134 704; x_wconf 83' lang='lat' dir='ltr'><strong>ium</strong></span> <span class='ocrx_word' id='word_1_25' title='bbox 158 641 190 702; x_wconf 90' lang='lat' dir='ltr'><strong>in</strong></span> <span class='ocrx_word' id='word_1_26' title='bbox 220 638 461 702; x_wconf 73' lang='lat' dir='ltr'><strong>desuetudinem</strong></span> <span class='ocrx_word' id='word_1_27' title='bbox 488 639 575 702; x_wconf 83' lang='lat' dir='ltr'><strong>abire</strong></span> <span class='ocrx_word' id='word_1_28' title='bbox 602 640 755 727; x_wconf 82' lang='lat' dir='ltr'><strong>coeperut)</strong></span> <span class='ocrx_word' id='word_1_29' title='bbox 784 640 986 703; x_wconf 77' lang='lat' dir='ltr'><strong>sustulisset:</strong></span> <span class='ocrx_word' id='word_1_30' title='bbox 1016 645 1107 705; x_wconf 85' lang='lat' dir='ltr'><strong>etium</strong></span> <span class='ocrx_word' id='word_1_31' title='bbox 1137 645 1177 707; x_wconf 93' lang='lat' dir='ltr'><strong>de</strong></span> <span class='ocrx_word' id='word_1_32' title='bbox 1208 648 1277 708; x_wconf 90' lang='lat' dir='ltr'><strong>iure</strong></span> 
     </span>
     <span class='ocr_line' id='line_1_5' title="bbox 72 738 1278 829; baseline 0.001 -23"><span class='ocrx_word' id='word_1_33' title='bbox 72 738 278 806; x_wconf 70' lang='lat' dir='ltr'><strong>accrescendi</strong></span> <span class='ocrx_word' id='word_1_34' title='bbox 300 741 384 803; x_wconf 91' lang='lat' dir='ltr'><strong>inter</strong></span> <span class='ocrx_word' id='word_1_35' title='bbox 400 739 571 823; x_wconf 78' lang='lat' dir='ltr'><strong>legatarius</strong></span> <span class='ocrx_word' id='word_1_36' title='bbox 595 739 704 817; x_wconf 77' lang='lat' dir='ltr'><strong>edixit,</strong></span> <span class='ocrx_word' id='word_1_37' title='bbox 727 748 758 804; x_wconf 90' lang='lat' dir='ltr'><strong>et</strong></span> <span class='ocrx_word' id='word_1_38' title='bbox 780 742 840 803; x_wconf 86' lang='lat' dir='ltr'><strong>hue</strong></span> <span class='ocrx_word' id='word_1_39' title='bbox 861 744 997 804; x_wconf 81' lang='lat' dir='ltr'><strong>sancivit</strong></span> <span class='ocrx_word' id='word_1_40' title='bbox 1006 744 1045 829; x_wconf 77' lang='lat'><strong>¹).</strong></span> <span class='ocrx_word' id='word_1_41' title='bbox 1089 743 1167 822; x_wconf 86' lang='lat' dir='ltr'><strong>„Ubi</strong></span> <span class='ocrx_word' id='word_1_42' title='bbox 1185 745 1278 827; x_wconf 79' lang='lat' dir='ltr'><strong>legu-</strong></span> 
     </span>
     <span class='ocr_line' id='line_1_6' title="bbox 72 839 1278 925; baseline 0.003 -21"><span class='ocrx_word' id='word_1_43' title='bbox 72 844 147 905; x_wconf 84' lang='lat' dir='ltr'><strong>tarii</strong></span> <span class='ocrx_word' id='word_1_44' title='bbox 172 847 204 904; x_wconf 86' lang='lat' dir='ltr'><strong>et</strong></span> <span class='ocrx_word' id='word_1_45' title='bbox 223 839 504 904; x_wconf 78' lang='lat' dir='ltr'><strong>fideicommissarii</strong></span> <span class='ocrx_word' id='word_1_46' title='bbox 527 841 590 904; x_wconf 85' lang='lat' dir='ltr'><strong>duo</strong></span> <span class='ocrx_word' id='word_1_47' title='bbox 614 842 695 905; x_wconf 84' lang='lat' dir='ltr'><strong>torte</strong></span> <span class='ocrx_word' id='word_1_48' title='bbox 717 842 769 905; x_wconf 88' lang='lat' dir='ltr'><strong>vel</strong></span> <span class='ocrx_word' id='word_1_49' title='bbox 791 844 995 923; x_wconf 86' lang='lat' dir='ltr'><strong>pluressunt‚</strong></span> <span class='ocrx_word' id='word_1_50' title='bbox 1021 845 1135 923; x_wconf 90' lang='lat' dir='ltr'><strong>quibus</strong></span> <span class='ocrx_word' id='word_1_51' title='bbox 1158 845 1278 925; x_wconf 84' lang='lat' dir='ltr'><strong>aliquid</strong></span> 
     </span>
     <span class='ocr_line' id='line_1_7' title="bbox 70 940 1276 1023; baseline 0.003 -19"><span class='ocrx_word' id='word_1_52' title='bbox 70 942 222 1006; x_wconf 80' lang='lat' dir='ltr'><strong>relietum</strong></span> <span class='ocrx_word' id='word_1_53' title='bbox 242 940 295 1017; x_wconf 89' lang='lat' dir='ltr'><strong>sit,</strong></span> <span class='ocrx_word' id='word_1_54' title='bbox 318 940 492 1020; x_wconf 86' lang='lat' dir='ltr'><strong>siquidem</strong></span> <span class='ocrx_word' id='word_1_55' title='bbox 515 943 704 1009; x_wconf 82' lang='lat' dir='ltr'><strong>uoniunetim</strong></span> <span class='ocrx_word' id='word_1_56' title='bbox 726 943 932 1023; x_wconf 86' lang='lat' dir='ltr'><strong>relinquatur,</strong></span> <span class='ocrx_word' id='word_1_57' title='bbox 956 951 987 1005; x_wconf 87' lang='lat' dir='ltr'><strong>et</strong></span> <span class='ocrx_word' id='word_1_58' title='bbox 1011 944 1136 1023; x_wconf 79' lang='lat' dir='ltr'><strong>quidem</strong></span> <span class='ocrx_word' id='word_1_59' title='bbox 1160 944 1276 1008; x_wconf 88' lang='lat' dir='ltr'><strong>nolue-</strong></span> 
     </span>
     <span class='ocr_line' id='line_1_8' title="bbox 68 1040 1277 1124; baseline 0.001 -18"><span class='ocrx_word' id='word_1_60' title='bbox 68 1045 137 1106; x_wconf 83' lang='lat' dir='ltr'><strong>rint</strong></span> <span class='ocrx_word' id='word_1_61' title='bbox 160 1041 317 1124; x_wconf 74' lang='lat' dir='ltr'><strong>legstum,</strong></span> <span class='ocrx_word' id='word_1_62' title='bbox 351 1040 533 1120; x_wconf 85' lang='lat' dir='ltr'><strong>volentibus</strong></span> <span class='ocrx_word' id='word_1_63' title='bbox 554 1041 749 1106; x_wconf 90' lang='lat' dir='ltr'><strong>solummodo</strong></span> <span class='ocrx_word' id='word_1_64' title='bbox 781 1043 810 1106; x_wconf 96' lang='lat' dir='ltr'><strong>id</strong></span> <span class='ocrx_word' id='word_1_65' title='bbox 835 1049 931 1105; x_wconf 89' lang='lat' dir='ltr'><strong>totum</strong></span> <span class='ocrx_word' id='word_1_66' title='bbox 954 1043 1094 1106; x_wconf 79' lang='lat' dir='ltr'><strong>accedat.</strong></span> <span class='ocrx_word' id='word_1_67' title='bbox 1140 1044 1194 1107; x_wconf 89' lang='lat' dir='ltr'><strong>Sin</strong></span> <span class='ocrx_word' id='word_1_68' title='bbox 1217 1063 1277 1107; x_wconf 83' lang='lat' dir='ltr'><strong>uu-</strong></span> 
     </span>
     <span class='ocr_line' id='line_1_9' title="bbox 70 1143 1277 1224; baseline 0.001 -17"><span class='ocrx_word' id='word_1_69' title='bbox 70 1151 136 1208; x_wconf 88' lang='lat' dir='ltr'><strong>tem</strong></span> <span class='ocrx_word' id='word_1_70' title='bbox 160 1143 351 1219; x_wconf 78' lang='lat' dir='ltr'><strong>disiunctim⁹</strong></span> <span class='ocrx_word' id='word_1_71' title='bbox 375 1160 435 1205; x_wconf 86' lang='lat' dir='ltr'><strong>neo</strong></span> <span class='ocrx_word' id='word_1_72' title='bbox 454 1160 563 1205; x_wconf 89' lang='lat' dir='ltr'><strong>omnes</strong></span> <span class='ocrx_word' id='word_1_73' title='bbox 586 1143 742 1224; x_wconf 79' lang='lat' dir='ltr'><strong>legatarii,</strong></span> <span class='ocrx_word' id='word_1_74' title='bbox 765 1144 878 1223; x_wconf 88' lang='lat' dir='ltr'><strong>quibus</strong></span> <span class='ocrx_word' id='word_1_75' title='bbox 900 1146 1068 1224; x_wconf 79' lang='lat' dir='ltr'><strong>separatim</strong></span> <span class='ocrx_word' id='word_1_76' title='bbox 1090 1162 1143 1206; x_wconf 89' lang='lat' dir='ltr'><strong>res</strong></span> <span class='ocrx_word' id='word_1_77' title='bbox 1165 1143 1277 1208; x_wconf 83' lang='lat' dir='ltr'><strong>reliets</strong></span> 
     </span>
     <span class='ocr_line' id='line_1_10' title="bbox 69 1244 1277 1324; baseline 0.002 -17"><span class='ocrx_word' id='word_1_78' title='bbox 69 1245 125 1320; x_wconf 88' lang='lat' dir='ltr'><strong>sit,</strong></span> <span class='ocrx_word' id='word_1_79' title='bbox 147 1244 181 1309; x_wconf 87' lang='lat' dir='ltr'><strong>in</strong></span> <span class='ocrx_word' id='word_1_80' title='bbox 203 1244 272 1307; x_wconf 84' lang='lat' dir='ltr'><strong>eius</strong></span> <span class='ocrx_word' id='word_1_81' title='bbox 293 1244 535 1324; x_wconf 78' lang='lat' dir='ltr'><strong>adquisitionem</strong></span> <span class='ocrx_word' id='word_1_82' title='bbox 561 1249 767 1319; x_wconf 81' lang='lat' dir='ltr'><strong>concurrant,</strong></span> <span class='ocrx_word' id='word_1_83' title='bbox 797 1244 853 1306; x_wconf 90' lang='lat' dir='ltr'><strong>sed</strong></span> <span class='ocrx_word' id='word_1_84' title='bbox 877 1261 959 1307; x_wconf 90' lang='lat' dir='ltr'><strong>unus</strong></span> <span class='ocrx_word' id='word_1_85' title='bbox 991 1244 1074 1308; x_wconf 83' lang='lat' dir='ltr'><strong>torte</strong></span> <span class='ocrx_word' id='word_1_86' title='bbox 1098 1264 1165 1309; x_wconf 85' lang='lat' dir='ltr'><strong>eum</strong></span> <span class='ocrx_word' id='word_1_87' title='bbox 1189 1249 1277 1310; x_wconf 81' lang='lat' dir='ltr'><strong>scci-</strong></span> 
     </span>
     <span class='ocr_line' id='line_1_11' title="bbox 68 1344 1277 1428; baseline -0.002 -19"><span class='ocrx_word' id='word_1_88' title='bbox 68 1347 155 1428; x_wconf 78' lang='lat' dir='ltr'><strong>pist:</strong></span> <span class='ocrx_word' id='word_1_89' title='bbox 188 1345 255 1409; x_wconf 73' lang='lat' dir='ltr'><strong>timu</strong></span> <span class='ocrx_word' id='word_1_90' title='bbox 275 1344 377 1409; x_wconf 84' lang='lat' dir='ltr'><strong>solida</strong></span> <span class='ocrx_word' id='word_1_91' title='bbox 401 1346 470 1407; x_wconf 88' lang='lat' dir='ltr'><strong>eius</strong></span> <span class='ocrx_word' id='word_1_92' title='bbox 492 1346 545 1420; x_wconf 86' lang='lat' dir='ltr'><strong>sit,</strong></span> <span class='ocrx_word' id='word_1_93' title='bbox 566 1351 598 1407; x_wconf 91' lang='lat' dir='ltr'><strong>et</strong></span> <span class='ocrx_word' id='word_1_94' title='bbox 618 1363 682 1407; x_wconf 90' lang='lat' dir='ltr'><strong>non</strong></span> <span class='ocrx_word' id='word_1_95' title='bbox 706 1352 860 1409; x_wconf 81' lang='lat' dir='ltr'><strong>vacuetur</strong></span> <span class='ocrx_word' id='word_1_96' title='bbox 880 1363 964 1427; x_wconf 84' lang='lat' dir='ltr'><strong>pars,</strong></span> <span class='ocrx_word' id='word_1_97' title='bbox 992 1363 1062 1427; x_wconf 81' lang='lat' dir='ltr'><strong>quae</strong></span> <span class='ocrx_word' id='word_1_98' title='bbox 1082 1347 1195 1422; x_wconf 84' lang='lat' dir='ltr'><strong>delicit,</strong></span> <span class='ocrx_word' id='word_1_99' title='bbox 1220 1345 1277 1408; x_wconf 91' lang='lat' dir='ltr'><strong>sed</strong></span> 
     </span>
     <span class='ocr_line' id='line_1_12' title="bbox 68 1445 1275 1531; baseline -0.002 -19"><span class='ocrx_word' id='word_1_100' title='bbox 68 1448 155 1531; x_wconf 78' lang='lat' dir='ltr'><strong>apud</strong></span> <span class='ocrx_word' id='word_1_101' title='bbox 178 1465 260 1524; x_wconf 88' lang='lat' dir='ltr'><strong>eum,</strong></span> <span class='ocrx_word' id='word_1_102' title='bbox 283 1446 337 1526; x_wconf 89' lang='lat' dir='ltr'><strong>qui</strong></span> <span class='ocrx_word' id='word_1_103' title='bbox 358 1445 463 1521; x_wconf 81' lang='lat' dir='ltr'><strong>tanet,</strong></span> <span class='ocrx_word' id='word_1_104' title='bbox 483 1445 584 1508; x_wconf 83' lang='lat' dir='ltr'><strong>solida</strong></span> <span class='ocrx_word' id='word_1_105' title='bbox 609 1452 778 1508; x_wconf 85' lang='lat' dir='ltr'><strong>remaneat.</strong></span> <span class='ocrx_word' id='word_1_106' title='bbox 822 1445 860 1507; x_wconf 90' lang='lat' dir='ltr'><strong>Et</strong></span> <span class='ocrx_word' id='word_1_107' title='bbox 881 1446 953 1509; x_wconf 84' lang='lat' dir='ltr'><strong>ideo</strong></span> <span class='ocrx_word' id='word_1_108' title='bbox 977 1449 1005 1510; x_wconf 94' lang='lat' dir='ltr'><strong>si</strong></span> <span class='ocrx_word' id='word_1_109' title='bbox 1020 1465 1100 1510; x_wconf 88' lang='lat' dir='ltr'><strong>onus</strong></span> <span class='ocrx_word' id='word_1_110' title='bbox 1125 1446 1275 1512; x_wconf 81' lang='lat' dir='ltr'><strong>fueritin</strong></span> 
     </span>
     <span class='ocr_line' id='line_1_13' title="bbox 68 1546 1277 1634; baseline -0.002 -21"><span class='ocrx_word' id='word_1_111' title='bbox 68 1567 210 1634; x_wconf 81' lang='lat' dir='ltr'><strong>persona</strong></span> <span class='ocrx_word' id='word_1_112' title='bbox 232 1548 313 1625; x_wconf 86' lang='lat' dir='ltr'><strong>eius,</strong></span> <span class='ocrx_word' id='word_1_113' title='bbox 335 1548 395 1609; x_wconf 86' lang='lat' dir='ltr'><strong>hoc</strong></span> <span class='ocrx_word' id='word_1_114' title='bbox 419 1546 596 1610; x_wconf 89' lang='lat' dir='ltr'><strong>omnimodo</strong></span> <span class='ocrx_word' id='word_1_115' title='bbox 619 1547 756 1628; x_wconf 81' lang='lat' dir='ltr'><strong>impleat.</strong></span> <span class='ocrx_word' id='word_1_116' title='bbox 790 1548 822 1612; x_wconf 86' lang='lat' dir='ltr'><strong>Si</strong></span> <span class='ocrx_word' id='word_1_117' title='bbox 844 1566 922 1611; x_wconf 85' lang='lat' dir='ltr'><strong>vero</strong></span> <span class='ocrx_word' id='word_1_118' title='bbox 944 1550 974 1609; x_wconf 91' lang='lat' dir='ltr'><strong>in</strong></span> <span class='ocrx_word' id='word_1_119' title='bbox 998 1548 1175 1612; x_wconf 80' lang='lat' dir='ltr'><strong>deficientis</strong></span> <span class='ocrx_word' id='word_1_120' title='bbox 1199 1568 1277 1630; x_wconf 83' lang='lat' dir='ltr'><strong>per-</strong></span> 
     </span>
     <span class='ocr_line' id='line_1_14' title="bbox 70 1647 1272 1729; baseline -0.002 -16"><span class='ocrx_word' id='word_1_121' title='bbox 70 1667 184 1714; x_wconf 83' lang='lat' dir='ltr'><strong>sonum</strong></span> <span class='ocrx_word' id='word_1_122' title='bbox 209 1654 278 1711; x_wconf 82' lang='lat' dir='ltr'><strong>erut</strong></span> <span class='ocrx_word' id='word_1_123' title='bbox 300 1647 458 1725; x_wconf 68' lang='lat' dir='ltr'><strong>collatum,</strong></span> <span class='ocrx_word' id='word_1_124' title='bbox 482 1666 544 1711; x_wconf 92' lang='lat' dir='ltr'><strong>non</strong></span> <span class='ocrx_word' id='word_1_125' title='bbox 568 1651 682 1710; x_wconf 79' lang='lat' dir='ltr'><strong>sentiat</strong></span> <span class='ocrx_word' id='word_1_126' title='bbox 703 1650 749 1725; x_wconf 89' lang='lat' dir='ltr'><strong>is,</strong></span> <span class='ocrx_word' id='word_1_127' title='bbox 781 1649 834 1729; x_wconf 88' lang='lat' dir='ltr'><strong>qui</strong></span> <span class='ocrx_word' id='word_1_128' title='bbox 858 1667 920 1712; x_wconf 85' lang='lat' dir='ltr'><strong>nun</strong></span> <span class='ocrx_word' id='word_1_129' title='bbox 943 1650 1079 1713; x_wconf 81' lang='lat' dir='ltr'><strong>alienum</strong></span> <span class='ocrx_word' id='word_1_130' title='bbox 1101 1650 1158 1713; x_wconf 88' lang='lat' dir='ltr'><strong>sed</strong></span> <span class='ocrx_word' id='word_1_131' title='bbox 1182 1667 1272 1712; x_wconf 85' lang='lat' dir='ltr'><strong>suum</strong></span> 
     </span>
     <span class='ocr_line' id='line_1_15' title="bbox 66 1750 581 1837; baseline -0.01 -21"><span class='ocrx_word' id='word_1_132' title='bbox 66 1753 213 1837; x_wconf 70' lang='lat' dir='ltr'><strong>legatum</strong></span> <span class='ocrx_word' id='word_1_133' title='bbox 236 1752 431 1813; x_wconf 90' lang='lat' dir='ltr'><strong>imminutum</strong></span> <span class='ocrx_word' id='word_1_134' title='bbox 458 1750 581 1813; x_wconf 60' lang='lat' dir='ltr'><strong>habete</strong></span> 
     </span>
    </p>

    <p class='ocr_par' dir='ltr' id='par_1_3' title="bbox 66 1851 1275 2142">
     <span class='ocr_line' id='line_1_16' title="bbox 111 1851 1275 1938; baseline -0.003 -21"><span class='ocrx_word' id='word_1_135' title='bbox 111 1857 147 1938; x_wconf 66' lang='lat'><strong>§-</strong></span> <span class='ocrx_word' id='word_1_136' title='bbox 161 1852 233 1917; x_wconf 83' lang='grc'><strong>714.</strong></span> <span class='ocrx_word' id='word_1_137' title='bbox 285 1851 459 1915; x_wconf 80' lang='lat' dir='ltr'><strong>coniuncto</strong></span> <span class='ocrx_word' id='word_1_138' title='bbox 493 1854 591 1935; x_wconf 81' lang='lat' dir='ltr'><strong>igitur</strong></span> <span class='ocrx_word' id='word_1_139' title='bbox 629 1851 827 1934; x_wconf 80' lang='lat' dir='ltr'><strong>collegaturii</strong></span> <span class='ocrx_word' id='word_1_140' title='bbox 862 1868 935 1931; x_wconf 81' lang='lat' dir='ltr'><strong>pars</strong></span> <span class='ocrx_word' id='word_1_141' title='bbox 967 1852 1123 1915; x_wconf 82' lang='lat' dir='ltr'><strong>accrescit</strong></span> <span class='ocrx_word' id='word_1_142' title='bbox 1154 1852 1275 1916; x_wconf 86' lang='lat' dir='ltr'><strong>volenti</strong></span> 
     </span>
     <span class='ocr_line' id='line_1_17' title="bbox 66 1953 1273 2038; baseline -0.005 -15"><span class='ocrx_word' id='word_1_143' title='bbox 66 1959 191 2023; x_wconf 74' lang='lat' dir='ltr'><strong>tuntum</strong></span> <span class='ocrx_word' id='word_1_144' title='bbox 212 1953 269 2017; x_wconf 90' lang='lat' dir='ltr'><strong>sed</strong></span> <span class='ocrx_word' id='word_1_145' title='bbox 291 1969 362 2017; x_wconf 84' lang='lat' dir='ltr'><strong>sum</strong></span> <span class='ocrx_word' id='word_1_146' title='bbox 373 1969 472 2017; x_wconf 88' lang='lat' dir='ltr'><strong>onere</strong></span> <span class='ocrx_word' id='word_1_147' title='bbox 485 1953 532 2038; x_wconf 55' lang='grc' dir='ltr'><strong>’γ</strong></span> <span class='ocrx_word' id='word_1_148' title='bbox 555 1971 618 2016; x_wconf 90' lang='lat' dir='ltr'><strong>non</strong></span> <span class='ocrx_word' id='word_1_149' title='bbox 630 1954 809 2028; x_wconf 82' lang='lat' dir='ltr'><strong>coniuncto,</strong></span> <span class='ocrx_word' id='word_1_150' title='bbox 834 1953 854 2015; x_wconf 88' lang='lat' dir='ltr'><strong>i.</strong></span> <span class='ocrx_word' id='word_1_151' title='bbox 870 1972 897 2014; x_wconf 90' lang='lat' dir='ltr'><strong>e.</strong></span> <span class='ocrx_word' id='word_1_152' title='bbox 912 1971 948 2013; x_wconf 82' lang='lat' dir='ltr'><strong>re</strong></span> <span class='ocrx_word' id='word_1_153' title='bbox 962 1958 1078 2015; x_wconf 84' lang='lat' dir='ltr'><strong>tantum</strong></span> <span class='ocrx_word' id='word_1_154' title='bbox 1093 1954 1273 2030; x_wconf 79' lang='lat' dir='ltr'><strong>coniuncto,</strong></span> 
     </span>
     <span class='ocr_line' id='line_1_18' title="bbox 66 2052 794 2142; baseline -0.01 -23"><span class='ocrx_word' id='word_1_155' title='bbox 66 2062 101 2121; x_wconf 85' lang='lat' dir='ltr'><strong>st</strong></span> <span class='ocrx_word' id='word_1_156' title='bbox 125 2056 227 2117; x_wconf 87' lang='lat' dir='ltr'><strong>invito</strong></span> <span class='ocrx_word' id='word_1_157' title='bbox 248 2055 454 2142; x_wconf 79' lang='lat' dir='ltr'><strong>accrescit³)‚</strong></span> <span class='ocrx_word' id='word_1_158' title='bbox 479 2053 535 2116; x_wconf 88' lang='lat' dir='ltr'><strong>sed</strong></span> <span class='ocrx_word' id='word_1_159' title='bbox 556 2057 625 2117; x_wconf 88' lang='lat' dir='ltr'><strong>siue</strong></span> <span class='ocrx_word' id='word_1_160' title='bbox 647 2052 794 2138; x_wconf 73' lang='lat' dir='ltr'><strong>onere4).</strong></span> 
     </span>
    </p>

    <p class='ocr_par' dir='ltr' id='par_1_4' title="bbox 65 2153 1276 2443">
     <span class='ocr_line' id='line_1_19' title="bbox 111 2153 1276 2238; baseline 0 -21"><span class='ocrx_word' id='word_1_161' title='bbox 111 2154 202 2238; x_wconf 70' lang='lat' dir='ltr'><strong>luter</strong></span> <span class='ocrx_word' id='word_1_162' title='bbox 230 2153 334 2219; x_wconf 79' lang='lat' dir='ltr'><strong>serbis</strong></span> <span class='ocrx_word' id='word_1_163' title='bbox 355 2161 473 2219; x_wconf 82' lang='lat' dir='ltr'><strong>tuntum</strong></span> <span class='ocrx_word' id='word_1_164' title='bbox 496 2157 702 2231; x_wconf 84' lang='lat' dir='ltr'><strong>coniunctos,</strong></span> <span class='ocrx_word' id='word_1_165' title='bbox 734 2156 754 2216; x_wconf 92' lang='lat' dir='ltr'><strong>i.</strong></span> <span class='ocrx_word' id='word_1_166' title='bbox 778 2174 806 2217; x_wconf 89' lang='lat' dir='ltr'><strong>e.</strong></span> <span class='ocrx_word' id='word_1_167' title='bbox 829 2155 944 2234; x_wconf 85' lang='lat' dir='ltr'><strong>quibus</strong></span> <span class='ocrx_word' id='word_1_168' title='bbox 965 2160 1069 2234; x_wconf 77' lang='lat' dir='ltr'><strong>partes</strong></span> <span class='ocrx_word' id='word_1_169' title='bbox 1092 2154 1140 2216; x_wconf 88' lang='lat' dir='ltr'><strong>rei</strong></span> <span class='ocrx_word' id='word_1_170' title='bbox 1163 2153 1276 2236; x_wconf 75' lang='lat' dir='ltr'><strong>legate</strong></span> 
     </span>
     <span class='ocr_line' id='line_1_20' title="bbox 65 2255 1275 2337; baseline -0.004 -18"><span class='ocrx_word' id='word_1_171' title='bbox 65 2260 157 2330; x_wconf 86' lang='lat' dir='ltr'><strong>sunt,</strong></span> <span class='ocrx_word' id='word_1_172' title='bbox 182 2256 232 2321; x_wconf 88' lang='lat' dir='ltr'><strong>ius</strong></span> <span class='ocrx_word' id='word_1_173' title='bbox 255 2257 460 2328; x_wconf 70' lang='lat' dir='ltr'><strong>accrescendi</strong></span> <span class='ocrx_word' id='word_1_174' title='bbox 482 2256 602 2320; x_wconf 87' lang='lat' dir='ltr'><strong>nullum</strong></span> <span class='ocrx_word' id='word_1_175' title='bbox 627 2261 692 2318; x_wconf 88' lang='lat' dir='ltr'><strong>est:</strong></span> <span class='ocrx_word' id='word_1_176' title='bbox 716 2274 786 2318; x_wconf 83' lang='lat' dir='ltr'><strong>uam</strong></span> <span class='ocrx_word' id='word_1_177' title='bbox 809 2261 856 2319; x_wconf 86' lang='lat' dir='ltr'><strong>tut</strong></span> <span class='ocrx_word' id='word_1_178' title='bbox 878 2261 952 2318; x_wconf 89' lang='lat' dir='ltr'><strong>sunt</strong></span> <span class='ocrx_word' id='word_1_179' title='bbox 968 2255 1085 2337; x_wconf 77' lang='lat' dir='ltr'><strong>legata,</strong></span> <span class='ocrx_word' id='word_1_180' title='bbox 1107 2258 1184 2334; x_wconf 88' lang='lat' dir='ltr'><strong>quot</strong></span> <span class='ocrx_word' id='word_1_181' title='bbox 1197 2272 1275 2333; x_wconf 90' lang='lat' dir='ltr'><strong>per-</strong></span> 
     </span>
     <span class='ocr_line' id='line_1_21' title="bbox 65 2357 209 2443; baseline -0.035 -20"><span class='ocrx_word' id='word_1_182' title='bbox 65 2357 209 2443; x_wconf 68' lang='lat' dir='ltr'><strong>sonael).</strong></span> 
     </span>
    </p>

    <p class='ocr_par' dir='ltr' id='par_1_5' title="bbox 65 2473 1275 3063">
     <span class='ocr_line' id='line_1_22' title="bbox 114 2473 1275 2557; baseline -0.003 -20"><span class='ocrx_word' id='word_1_183' title='bbox 114 2474 230 2557; x_wconf 65' lang='lat'>5:715.</span> <span class='ocrx_word' id='word_1_184' title='bbox 276 2474 353 2538; x_wconf 87' lang='lat' dir='ltr'><strong>Cum</strong></span> <span class='ocrx_word' id='word_1_185' title='bbox 376 2475 461 2556; x_wconf 90' lang='lat' dir='ltr'><strong>quod</strong></span> <span class='ocrx_word' id='word_1_186' title='bbox 483 2477 552 2538; x_wconf 89' lang='lat' dir='ltr'><strong>iure</strong></span> <span class='ocrx_word' id='word_1_187' title='bbox 573 2476 777 2538; x_wconf 76' lang='lat' dir='ltr'><strong>accrescendi</strong></span> <span class='ocrx_word' id='word_1_188' title='bbox 802 2477 994 2556; x_wconf 77' lang='lat' dir='ltr'><strong>acquiritur,</strong></span> <span class='ocrx_word' id='word_1_189' title='bbox 1022 2479 1110 2537; x_wconf 87' lang='lat' dir='ltr'><strong>retro</strong></span> <span class='ocrx_word' id='word_1_190' title='bbox 1133 2473 1275 2554; x_wconf 78' lang='lat' dir='ltr'><strong>acquisi-</strong></span> 
     </span>
     <span class='ocr_line' id='line_1_23' title="bbox 67 2572 1275 2658; baseline -0.003 -20"><span class='ocrx_word' id='word_1_191' title='bbox 67 2583 139 2639; x_wconf 87' lang='lat' dir='ltr'><strong>tum</strong></span> <span class='ocrx_word' id='word_1_192' title='bbox 159 2576 315 2651; x_wconf 81' lang='lat' dir='ltr'><strong>videatur,</strong></span> <span class='ocrx_word' id='word_1_193' title='bbox 339 2575 432 2636; x_wconf 85' lang='lat' dir='ltr'><strong>etium</strong></span> <span class='ocrx_word' id='word_1_194' title='bbox 455 2574 564 2636; x_wconf 89' lang='lat' dir='ltr'><strong>heredi</strong></span> <span class='ocrx_word' id='word_1_195' title='bbox 587 2576 735 2658; x_wconf 77' lang='lat' dir='ltr'><strong>legatarii</strong></span> <span class='ocrx_word' id='word_1_196' title='bbox 756 2581 829 2656; x_wconf 89' lang='lat' dir='ltr'><strong>post</strong></span> <span class='ocrx_word' id='word_1_197' title='bbox 850 2574 930 2636; x_wconf 86' lang='lat' dir='ltr'><strong>diem</strong></span> <span class='ocrx_word' id='word_1_198' title='bbox 943 2572 1107 2636; x_wconf 84' lang='lat' dir='ltr'><strong>cedentem</strong></span> <span class='ocrx_word' id='word_1_199' title='bbox 1123 2572 1275 2650; x_wconf 86' lang='lat' dir='ltr'><strong>defuncti,</strong></span> 
     </span>
     <span class='ocr_line' id='line_1_24' title="bbox 67 2658 1272 2764; baseline -0.007 -24"><span class='ocrx_word' id='word_1_200' title='bbox 67 2676 246 2740; x_wconf 81' lang='lat' dir='ltr'><strong>deficientis</strong></span> <span class='ocrx_word' id='word_1_201' title='bbox 267 2658 341 2757; x_wconf 82' lang='lat' dir='ltr'><strong>pars</strong></span> <span class='ocrx_word' id='word_1_202' title='bbox 364 2675 567 2764; x_wconf 64' lang='lat' dir='ltr'><strong>accrescitss).</strong></span> <span class='ocrx_word' id='word_1_203' title='bbox 612 2676 644 2739; x_wconf 89' lang='lat' dir='ltr'><strong>Si</strong></span> <span class='ocrx_word' id='word_1_204' title='bbox 667 2676 775 2757; x_wconf 88' lang='lat' dir='ltr'><strong>plures</strong></span> <span class='ocrx_word' id='word_1_205' title='bbox 798 2681 871 2736; x_wconf 91' lang='lat' dir='ltr'><strong>sunt</strong></span> <span class='ocrx_word' id='word_1_206' title='bbox 894 2675 1052 2757; x_wconf 81' lang='lat' dir='ltr'><strong>legatarii,</strong></span> <span class='ocrx_word' id='word_1_207' title='bbox 1075 2674 1190 2754; x_wconf 85' lang='lat' dir='ltr'><strong>quibus</strong></span> <span class='ocrx_word' id='word_1_208' title='bbox 1212 2672 1272 2733; x_wconf 90' lang='lat' dir='ltr'><strong>de-</strong></span> 
     </span>
     <span class='ocr_line' id='line_1_25' title="bbox 66 2773 1273 2859; baseline -0.006 -20"><span class='ocrx_word' id='word_1_209' title='bbox 66 2777 205 2840; x_wconf 79' lang='lat' dir='ltr'><strong>ficientis</strong></span> <span class='ocrx_word' id='word_1_210' title='bbox 228 2775 428 2859; x_wconf 77' lang='lat' dir='ltr'><strong>collegaturii</strong></span> <span class='ocrx_word' id='word_1_211' title='bbox 452 2793 524 2856; x_wconf 77' lang='lat' dir='ltr'><strong>pars</strong></span> <span class='ocrx_word' id='word_1_212' title='bbox 548 2778 713 2853; x_wconf 77' lang='lat' dir='ltr'><strong>accrescit,</strong></span> <span class='ocrx_word' id='word_1_213' title='bbox 735 2775 872 2857; x_wconf 83' lang='lat' dir='ltr'><strong>singulis</strong></span> <span class='ocrx_word' id='word_1_214' title='bbox 895 2793 953 2856; x_wconf 85' lang='lat' dir='ltr'><strong>pru</strong></span> <span class='ocrx_word' id='word_1_215' title='bbox 979 2775 1151 2854; x_wconf 82' lang='lat' dir='ltr'><strong>quantitate</strong></span> <span class='ocrx_word' id='word_1_216' title='bbox 1177 2773 1273 2854; x_wconf 77' lang='lat' dir='ltr'><strong>legati</strong></span> 
     </span>
     <span class='ocr_line' id='line_1_26' title="bbox 67 2871 1275 2957; baseline -0.004 -18"><span class='ocrx_word' id='word_1_217' title='bbox 67 2879 228 2956; x_wconf 73' lang='lat' dir='ltr'><strong>cuiusque</strong></span> <span class='ocrx_word' id='word_1_218' title='bbox 248 2877 354 2957; x_wconf 85' lang='lat' dir='ltr'><strong>portio</strong></span> <span class='ocrx_word' id='word_1_219' title='bbox 378 2876 563 2955; x_wconf 85' lang='lat' dir='ltr'><strong>acquiritur,</strong></span> <span class='ocrx_word' id='word_1_220' title='bbox 586 2878 666 2939; x_wconf 88' lang='lat' dir='ltr'><strong>etsi</strong></span> <span class='ocrx_word' id='word_1_221' title='bbox 688 2877 781 2940; x_wconf 92' lang='lat' dir='ltr'><strong>simul</strong></span> <span class='ocrx_word' id='word_1_222' title='bbox 801 2894 837 2937; x_wconf 81' lang='lat' dir='ltr'><strong>re</strong></span> <span class='ocrx_word' id='word_1_223' title='bbox 856 2880 976 2938; x_wconf 83' lang='lat' dir='ltr'><strong>tantum</strong></span> <span class='ocrx_word' id='word_1_224' title='bbox 1000 2880 1031 2936; x_wconf 90' lang='lat' dir='ltr'><strong>et</strong></span> <span class='ocrx_word' id='word_1_225' title='bbox 1052 2891 1088 2935; x_wconf 81' lang='lat' dir='ltr'><strong>re</strong></span> <span class='ocrx_word' id='word_1_226' title='bbox 1111 2892 1148 2938; x_wconf 83' lang='lat' dir='ltr'><strong>us</strong></span> <span class='ocrx_word' id='word_1_227' title='bbox 1171 2871 1275 2934; x_wconf 77' lang='lat' dir='ltr'><strong>serbis</strong></span> 
     </span>
     <span class='ocr_line' id='line_1_27' title="bbox 65 2976 805 3063; baseline -0.003 -23"><span class='ocrx_word' id='word_1_228' title='bbox 65 2976 230 3040; x_wconf 74' lang='lat' dir='ltr'><strong>coniuncti</strong></span> <span class='ocrx_word' id='word_1_229' title='bbox 249 2976 463 3052; x_wconf 85' lang='lat' dir='ltr'><strong>inveniuntur,</strong></span> <span class='ocrx_word' id='word_1_230' title='bbox 488 2976 520 3037; x_wconf 86' lang='lat' dir='ltr'><strong>lri</strong></span> <span class='ocrx_word' id='word_1_231' title='bbox 544 2977 756 3056; x_wconf 77' lang='lat' dir='ltr'><strong>preferuntur</strong></span> <span class='ocrx_word' id='word_1_232' title='bbox 765 2978 805 3063; x_wconf 73' lang='lat'><strong>²).</strong></span> 
     </span>
    </p>
   </div>
   <div class='ocr_carea' id='block_1_3' title="bbox 65 3091 1273 3382">
    <p class='ocr_par' dir='ltr' id='par_1_6' title="bbox 65 3091 1273 3382">
     <span class='ocr_line' id='line_1_28' title="bbox 113 3091 1271 3177; baseline 0 -21"><span class='ocrx_word' id='word_1_233' title='bbox 113 3096 144 3175; x_wconf 69' lang='grc' dir='ltr'><strong>ς.</strong></span> <span class='ocrx_word' id='word_1_234' title='bbox 156 3092 227 3158; x_wconf 83' lang='grc'><strong>716.</strong></span> <span class='ocrx_word' id='word_1_235' title='bbox 270 3092 304 3153; x_wconf 94' lang='lat' dir='ltr'><strong>ln</strong></span> <span class='ocrx_word' id='word_1_236' title='bbox 335 3091 501 3156; x_wconf 82' lang='lat' dir='ltr'><strong>usufructu</strong></span> <span class='ocrx_word' id='word_1_237' title='bbox 527 3093 634 3177; x_wconf 81' lang='lat' dir='ltr'><strong>legato</strong></span> <span class='ocrx_word' id='word_1_238' title='bbox 665 3097 714 3158; x_wconf 91' lang='lat' dir='ltr'><strong>ius</strong></span> <span class='ocrx_word' id='word_1_239' title='bbox 744 3095 948 3159; x_wconf 79' lang='lat' dir='ltr'><strong>accrescendi</strong></span> <span class='ocrx_word' id='word_1_240' title='bbox 977 3095 1130 3157; x_wconf 82' lang='lat' dir='ltr'><strong>latissime</strong></span> <span class='ocrx_word' id='word_1_241' title='bbox 1167 3099 1271 3175; x_wconf 83' lang='lat' dir='ltr'><strong>patet:</strong></span> 
     </span>
     <span class='ocr_line' id='line_1_29' title="bbox 65 3194 1273 3275; baseline -0.003 -16"><span class='ocrx_word' id='word_1_242' title='bbox 65 3194 324 3259; x_wconf 81' lang='lat' dir='ltr'><strong>ususfructus&#39;et</strong></span> <span class='ocrx_word' id='word_1_243' title='bbox 346 3197 540 3258; x_wconf 85' lang='lat' dir='ltr'><strong>constitutus</strong></span> <span class='ocrx_word' id='word_1_244' title='bbox 567 3201 598 3257; x_wconf 90' lang='lat' dir='ltr'><strong>et</strong></span> <span class='ocrx_word' id='word_1_245' title='bbox 621 3201 732 3275; x_wconf 83' lang='lat' dir='ltr'><strong>postea</strong></span> <span class='ocrx_word' id='word_1_246' title='bbox 756 3199 899 3271; x_wconf 82' lang='lat' dir='ltr'><strong>amissus,</strong></span> <span class='ocrx_word' id='word_1_247' title='bbox 924 3195 1126 3258; x_wconf 89' lang='lat' dir='ltr'><strong>nihilominus</strong></span> <span class='ocrx_word' id='word_1_248' title='bbox 1146 3196 1194 3256; x_wconf 91' lang='lat' dir='ltr'><strong>ius</strong></span> <span class='ocrx_word' id='word_1_249' title='bbox 1217 3213 1273 3256; x_wconf 83' lang='lat' dir='ltr'>ac·-</span> 
     </span>
     <span class='ocr_line' id='line_1_30' title="bbox 67 3294 1273 3382; baseline -0.005 -22"><span class='ocrx_word' id='word_1_250' title='bbox 67 3294 236 3360; x_wconf 83' lang='lat' dir='ltr'><strong>cresoendi</strong></span> <span class='ocrx_word' id='word_1_251' title='bbox 260 3296 392 3358; x_wconf 84' lang='lat' dir='ltr'><strong>admittit</strong></span> <span class='ocrx_word' id='word_1_252' title='bbox 403 3296 443 3382; x_wconf 81' lang='lat'><strong>⁸).</strong></span> <span class='ocrx_word' id='word_1_253' title='bbox 489 3295 585 3358; x_wconf 86' lang='lat' dir='ltr'><strong>Cuius</strong></span> <span class='ocrx_word' id='word_1_254' title='bbox 607 3298 654 3358; x_wconf 86' lang='lat' dir='ltr'><strong>rei</strong></span> <span class='ocrx_word' id='word_1_255' title='bbox 677 3298 757 3359; x_wconf 79' lang='lat' dir='ltr'><strong>ratio</strong></span> <span class='ocrx_word' id='word_1_256' title='bbox 779 3297 950 3360; x_wconf 88' lang='lat' dir='ltr'><strong>seeundum</strong></span> <span class='ocrx_word' id='word_1_257' title='bbox 974 3303 1101 3358; x_wconf 87' lang='lat' dir='ltr'><strong>veteres</strong></span> <span class='ocrx_word' id='word_1_258' title='bbox 1126 3296 1192 3356; x_wconf 83' lang='lat' dir='ltr'><strong>haes</strong></span> <span class='ocrx_word' id='word_1_259' title='bbox 1214 3298 1273 3372; x_wconf 86' lang='lat' dir='ltr'><strong>est,</strong></span> 
     </span>
    </p>
   </div>
   <div class='ocr_carea' id='block_1_4' title="bbox 63 3565 1271 4565">
    <p class='ocr_par' dir='ltr' id='par_1_7' title="bbox 105 3565 1217 3635">
     <span class='ocr_line' id='line_1_31' title="bbox 105 3565 1217 3635; baseline -0.001 -15"><span class='ocrx_word' id='word_1_260' title='bbox 105 3565 134 3634; x_wconf 90' lang='lat'><strong>1)</strong></span> <span class='ocrx_word' id='word_1_261' title='bbox 153 3568 182 3621; x_wconf 83' lang='lat' dir='ltr'><strong>O.</strong></span> <span class='ocrx_word' id='word_1_262' title='bbox 200 3583 245 3618; x_wconf 88' lang='lat' dir='ltr'><strong>un.</strong></span> <span class='ocrx_word' id='word_1_263' title='bbox 268 3565 291 3626; x_wconf 69' lang='grc' dir='ltr'><strong>ἓ.</strong></span> <span class='ocrx_word' id='word_1_264' title='bbox 314 3565 355 3620; x_wconf 92' lang='grc'><strong>11.</strong></span> <span class='ocrx_word' id='word_1_265' title='bbox 376 3568 407 3620; x_wconf 76' lang='grc'><strong>(1.</strong></span> <span class='ocrx_word' id='word_1_266' title='bbox 427 3567 453 3632; x_wconf 90' lang='grc'><strong>6,</strong></span> <span class='ocrx_word' id='word_1_267' title='bbox 471 3567 505 3621; x_wconf 82' lang='grc'><strong>51</strong></span> <span class='ocrx_word' id='word_1_268' title='bbox 526 3568 651 3634; x_wconf 77' lang='grc' dir='ltr'><strong>(ἀοόειά.</strong></span> <span class='ocrx_word' id='word_1_269' title='bbox 670 3566 747 3635; x_wconf 80' lang='lat' dir='ltr'><strong>toll).</strong></span> <span class='ocrx_word' id='word_1_270' title='bbox 784 3570 944 3622; x_wconf 80' lang='lat' dir='ltr'><strong>Intermedia</strong></span> <span class='ocrx_word' id='word_1_271' title='bbox 964 3571 1048 3622; x_wconf 80' lang='lat' dir='ltr'><strong>verbu</strong></span> <span class='ocrx_word' id='word_1_272' title='bbox 1067 3569 1217 3621; x_wconf 86' lang='lat' dir='ltr'><strong>omittimus.</strong></span> 
     </span>
    </p>

    <p class='ocr_par' dir='ltr' id='par_1_8' title="bbox 66 3635 1271 3766">
     <span class='ocr_line' id='line_1_32' title="bbox 102 3635 1271 3710; baseline 0 -18"><span class='ocrx_word' id='word_1_273' title='bbox 102 3635 134 3706; x_wconf 69' lang='lat'><strong>2)</strong></span> <span class='ocrx_word' id='word_1_274' title='bbox 150 3640 182 3691; x_wconf 89' lang='lat' dir='ltr'><strong>ln</strong></span> <span class='ocrx_word' id='word_1_275' title='bbox 199 3639 241 3691; x_wconf 83' lang='lat' dir='ltr'><strong>his</strong></span> <span class='ocrx_word' id='word_1_276' title='bbox 258 3640 421 3694; x_wconf 81' lang='lat' dir='ltr'><strong>Iustinisnus</strong></span> <span class='ocrx_word' id='word_1_277' title='bbox 438 3642 481 3694; x_wconf 88' lang='lat' dir='ltr'><strong>ius</strong></span> <span class='ocrx_word' id='word_1_278' title='bbox 504 3643 572 3708; x_wconf 76' lang='lat' dir='ltr'><strong>logis</strong></span> <span class='ocrx_word' id='word_1_279' title='bbox 591 3643 681 3710; x_wconf 73' lang='lat' dir='ltr'><strong>Pupius</strong></span> <span class='ocrx_word' id='word_1_280' title='bbox 706 3647 814 3695; x_wconf 79' lang='lat' dir='ltr'><strong>sedulus</strong></span> <span class='ocrx_word' id='word_1_281' title='bbox 842 3648 889 3695; x_wconf 81' lang='lat' dir='ltr'><strong>set.</strong></span> <span class='ocrx_word' id='word_1_282' title='bbox 926 3642 1059 3695; x_wconf 82' lang='lat' dir='ltr'><strong>Hodierni</strong></span> <span class='ocrx_word' id='word_1_283' title='bbox 1085 3641 1137 3692; x_wconf 84' lang='lat' dir='ltr'><strong>hoe</strong></span> <span class='ocrx_word' id='word_1_284' title='bbox 1160 3642 1202 3693; x_wconf 88' lang='lat' dir='ltr'><strong>ius</strong></span> <span class='ocrx_word' id='word_1_285' title='bbox 1226 3657 1271 3692; x_wconf 78' lang='lat' dir='ltr'><strong>su-</strong></span> 
     </span>
     <span class='ocr_line' id='line_1_33' title="bbox 66 3711 331 3766; baseline -0.011 0"><span class='ocrx_word' id='word_1_286' title='bbox 66 3711 208 3766; x_wconf 65' lang='lat' dir='ltr'><strong>studendi</strong></span> <span class='ocrx_word' id='word_1_287' title='bbox 224 3716 331 3764; x_wconf 74' lang='lat' dir='ltr'><strong>rossus.</strong></span> 
     </span>
    </p>

    <p class='ocr_par' dir='ltr' id='par_1_9' title="bbox 66 3780 1271 3908">
     <span class='ocr_line' id='line_1_34' title="bbox 103 3780 1271 3905; baseline 0 -69"><span class='ocrx_word' id='word_1_288' title='bbox 103 3780 184 3905; x_wconf 50' lang='lat' dir='ltr'><strong>3‘)hln</strong></span> <span class='ocrx_word' id='word_1_289' title='bbox 208 3783 252 3835; x_wconf 83' lang='lat' dir='ltr'><strong>his</strong></span> <span class='ocrx_word' id='word_1_290' title='bbox 275 3788 354 3836; x_wconf 75' lang='lat' dir='ltr'><strong>vetus</strong></span> <span class='ocrx_word' id='word_1_291' title='bbox 378 3784 421 3837; x_wconf 90' lang='lat' dir='ltr'><strong>ius</strong></span> <span class='ocrx_word' id='word_1_292' title='bbox 445 3785 618 3841; x_wconf 74' lang='lat' dir='ltr'><strong>sseresoendi</strong></span> <span class='ocrx_word' id='word_1_293' title='bbox 642 3786 756 3837; x_wconf 78' lang='lat' dir='ltr'><strong>retinuit.</strong></span> <span class='ocrx_word' id='word_1_294' title='bbox 793 3783 926 3837; x_wconf 82' lang='lat' dir='ltr'><strong>Hodierni</strong></span> <span class='ocrx_word' id='word_1_295' title='bbox 945 3786 997 3836; x_wconf 89' lang='lat' dir='ltr'><strong>hou</strong></span> <span class='ocrx_word' id='word_1_296' title='bbox 1019 3784 1061 3839; x_wconf 88' lang='lat' dir='ltr'><strong>ius</strong></span> <span class='ocrx_word' id='word_1_297' title='bbox 1078 3800 1134 3837; x_wconf 86' lang='lat' dir='ltr'><strong>non</strong></span> <span class='ocrx_word' id='word_1_298' title='bbox 1152 3785 1271 3838; x_wconf 78' lang='lat' dir='ltr'><strong>deseres-</strong></span> 
     </span>
     <span class='ocr_line' id='line_1_35' title="bbox 66 3856 272 3908; baseline -0.019 0"><span class='ocrx_word' id='word_1_299' title='bbox 66 3870 119 3908; x_wconf 79' lang='lat' dir='ltr'><strong>uen</strong></span> <span class='ocrx_word' id='word_1_300' title='bbox 140 3856 147 3871; x_wconf 86' lang='lat'>&#39;</span> <span class='ocrx_word' id='word_1_301' title='bbox 166 3859 272 3906; x_wconf 79' lang='lat' dir='ltr'><strong>sosani.</strong></span> 
     </span>
    </p>

    <p class='ocr_par' dir='ltr' id='par_1_10' title="bbox 101 3923 765 3990">
     <span class='ocr_line' id='line_1_36' title="bbox 101 3923 765 3990; baseline -0.002 -11"><span class='ocrx_word' id='word_1_302' title='bbox 101 3923 132 3990; x_wconf 77' lang='lat'><strong>4)</strong></span> <span class='ocrx_word' id='word_1_303' title='bbox 153 3927 215 3977; x_wconf 79' lang='lat' dir='ltr'><strong>Hos</strong></span> <span class='ocrx_word' id='word_1_304' title='bbox 228 3942 265 3977; x_wconf 74' lang='grc' dir='ltr'><strong>οι</strong></span> <span class='ocrx_word' id='word_1_305' title='bbox 286 3941 335 3978; x_wconf 83' lang='lat' dir='ltr'><strong>suo</strong></span> <span class='ocrx_word' id='word_1_306' title='bbox 354 3928 460 3980; x_wconf 56' lang='lat' dir='ltr'><strong>&amp;bitrio</strong></span> <span class='ocrx_word' id='word_1_307' title='bbox 479 3929 642 3981; x_wconf 80' lang='lat' dir='ltr'><strong>Iustinianus</strong></span> <span class='ocrx_word' id='word_1_308' title='bbox 660 3927 765 3979; x_wconf 75' lang='lat' dir='ltr'><strong>adierit</strong></span> 
     </span>
    </p>

    <p class='ocr_par' dir='ltr' id='par_1_11' title="bbox 67 3994 1270 4136">
     <span class='ocr_line' id='line_1_37' title="bbox 102 3994 1270 4065; baseline 0 -16"><span class='ocrx_word' id='word_1_309' title='bbox 102 3994 133 4061; x_wconf 83' lang='lat'><strong>5)</strong></span> <span class='ocrx_word' id='word_1_310' title='bbox 155 3998 217 4049; x_wconf 84' lang='lat' dir='ltr'><strong>Non</strong></span> <span class='ocrx_word' id='word_1_311' title='bbox 238 3998 306 4049; x_wconf 83' lang='lat' dir='ltr'><strong>obst.</strong></span> <span class='ocrx_word' id='word_1_312' title='bbox 325 4000 357 4049; x_wconf 83' lang='lat' dir='ltr'><strong>fr.</strong></span> <span class='ocrx_word' id='word_1_313' title='bbox 376 3996 419 4051; x_wconf 87' lang='grc'><strong>89.</strong></span> <span class='ocrx_word' id='word_1_314' title='bbox 438 4017 476 4065; x_wconf 85' lang='lat' dir='ltr'><strong>pt.</strong></span> <span class='ocrx_word' id='word_1_315' title='bbox 496 4001 529 4050; x_wconf 86' lang='lat' dir='ltr'><strong>D.</strong></span> <span class='ocrx_word' id='word_1_316' title='bbox 548 3998 590 4052; x_wconf 72' lang='lat'><strong>32.</strong></span> <span class='ocrx_word' id='word_1_317' title='bbox 612 4006 639 4051; x_wconf 82' lang='lat' dir='ltr'><strong>et</strong></span> <span class='ocrx_word' id='word_1_318' title='bbox 657 4002 688 4050; x_wconf 87' lang='lat' dir='ltr'><strong>fr.</strong></span> <span class='ocrx_word' id='word_1_319' title='bbox 710 3999 751 4050; x_wconf 86' lang='lat'><strong>16.</strong></span> <span class='ocrx_word' id='word_1_320' title='bbox 770 3998 792 4058; x_wconf 67' lang='grc' dir='ltr'><strong>ἓ.</strong></span> <span class='ocrx_word' id='word_1_321' title='bbox 812 3994 836 4047; x_wconf 78' lang='grc'><strong>2.</strong></span> <span class='ocrx_word' id='word_1_322' title='bbox 857 3999 888 4051; x_wconf 87' lang='lat' dir='ltr'><strong>D.</strong></span> <span class='ocrx_word' id='word_1_323' title='bbox 910 3996 953 4052; x_wconf 86' lang='lat'><strong>30.</strong></span> <span class='ocrx_word' id='word_1_324' title='bbox 973 4000 1020 4050; x_wconf 78' lang='lat' dir='ltr'><strong>dir.</strong></span> <span class='ocrx_word' id='word_1_325' title='bbox 1039 4001 1070 4051; x_wconf 85' lang='lat' dir='ltr'><strong>fr.</strong></span> <span class='ocrx_word' id='word_1_326' title='bbox 1091 3998 1133 4050; x_wconf 92' lang='grc'><strong>11.</strong></span> <span class='ocrx_word' id='word_1_327' title='bbox 1156 4001 1189 4049; x_wconf 89' lang='lat' dir='ltr'><strong>D.</strong></span> <span class='ocrx_word' id='word_1_328' title='bbox 1209 3995 1270 4062; x_wconf 76' lang='lat' dir='ltr'><strong>&#39;&#39;l‚2</strong></span> 
     </span>
     <span class='ocr_line' id='line_1_38' title="bbox 67 4065 1199 4136; baseline 0 -17"><span class='ocrx_word' id='word_1_329' title='bbox 67 4065 118 4134; x_wconf 82' lang='lat' dir='ltr'><strong>(ds</strong></span> <span class='ocrx_word' id='word_1_330' title='bbox 135 4071 218 4121; x_wconf 79' lang='lat' dir='ltr'><strong>usust.</strong></span> <span class='ocrx_word' id='word_1_331' title='bbox 242 4067 378 4134; x_wconf 66' lang='lat' dir='ltr'><strong>taurese).</strong></span> <span class='ocrx_word' id='word_1_332' title='bbox 396 4073 428 4120; x_wconf 81' lang='lat' dir='ltr'><strong>fr.</strong></span> <span class='ocrx_word' id='word_1_333' title='bbox 447 4069 489 4122; x_wconf 89' lang='lat'><strong>80.</strong></span> <span class='ocrx_word' id='word_1_334' title='bbox 508 4073 541 4122; x_wconf 92' lang='lat' dir='ltr'><strong>D.</strong></span> <span class='ocrx_word' id='word_1_335' title='bbox 561 4070 603 4124; x_wconf 78' lang='lat'><strong>32.</strong></span> <span class='ocrx_word' id='word_1_336' title='bbox 623 4077 649 4122; x_wconf 87' lang='lat' dir='ltr'><strong>et</strong></span> <span class='ocrx_word' id='word_1_337' title='bbox 667 4075 700 4122; x_wconf 88' lang='lat' dir='ltr'><strong>fr.</strong></span> <span class='ocrx_word' id='word_1_338' title='bbox 720 4067 745 4121; x_wconf 84' lang='lat'><strong>7.</strong></span> <span class='ocrx_word' id='word_1_339' title='bbox 763 4086 802 4136; x_wconf 87' lang='lat' dir='ltr'><strong>pr.</strong></span> <span class='ocrx_word' id='word_1_340' title='bbox 821 4069 854 4119; x_wconf 91' lang='lat' dir='ltr'><strong>D.</strong></span> <span class='ocrx_word' id='word_1_341' title='bbox 875 4067 919 4133; x_wconf 81' lang='lat'><strong>34,</strong></span> <span class='ocrx_word' id='word_1_342' title='bbox 936 4068 954 4123; x_wconf 80' lang='lat'>5</span> <span class='ocrx_word' id='word_1_343' title='bbox 970 4067 1018 4134; x_wconf 83' lang='lat' dir='ltr'><strong>(de</strong></span> <span class='ocrx_word' id='word_1_344' title='bbox 1036 4072 1093 4123; x_wconf 81' lang='lat' dir='ltr'><strong>reb.</strong></span> <span class='ocrx_word' id='word_1_345' title='bbox 1114 4068 1199 4135; x_wconf 88' lang='lat' dir='ltr'><strong>dub.).</strong></span> 
     </span>
    </p>

    <p class='ocr_par' dir='ltr' id='par_1_12' title="bbox 65 4136 1270 4277">
     <span class='ocr_line' id='line_1_39' title="bbox 101 4136 1270 4277; baseline -0.001 -85"><span class='ocrx_word' id='word_1_346' title='bbox 101 4136 132 4204; x_wconf 87' lang='grc'><strong>6)</strong></span> <span class='ocrx_word' id='word_1_347' title='bbox 150 4141 194 4192; x_wconf 76' lang='lat' dir='ltr'><strong>Fr.</strong></span> <span class='ocrx_word' id='word_1_348' title='bbox 213 4136 256 4277; x_wconf 73' lang='lat'>17).</span> <span class='ocrx_word' id='word_1_349' title='bbox 275 4139 298 4199; x_wconf 69' lang='grc' dir='ltr'><strong>ἓ.</strong></span> <span class='ocrx_word' id='word_1_350' title='bbox 318 4140 342 4192; x_wconf 94' lang='grc'><strong>1.</strong></span> <span class='ocrx_word' id='word_1_351' title='bbox 360 4143 391 4192; x_wconf 86' lang='lat' dir='ltr'><strong>fr.</strong></span> <span class='ocrx_word' id='word_1_352' title='bbox 409 4139 452 4194; x_wconf 83' lang='lat'><strong>34.</strong></span> <span class='ocrx_word' id='word_1_353' title='bbox 470 4144 504 4194; x_wconf 86' lang='lat' dir='ltr'><strong>D.</strong></span> <span class='ocrx_word' id='word_1_354' title='bbox 522 4143 581 4205; x_wconf 84' lang='lat'><strong>9,2</strong></span> <span class='ocrx_word' id='word_1_355' title='bbox 604 4139 650 4208; x_wconf 80' lang='lat' dir='ltr'><strong>(de</strong></span> <span class='ocrx_word' id='word_1_356' title='bbox 668 4144 720 4208; x_wconf 81' lang='lat' dir='ltr'><strong>leg.</strong></span> <span class='ocrx_word' id='word_1_357' title='bbox 741 4139 850 4209; x_wconf 70' lang='lat' dir='ltr'><strong>nquit).</strong></span> <span class='ocrx_word' id='word_1_358' title='bbox 870 4143 902 4192; x_wconf 84' lang='lat' dir='ltr'><strong>fr.</strong></span> <span class='ocrx_word' id='word_1_359' title='bbox 921 4141 964 4193; x_wconf 68' lang='lat'><strong>26,</strong></span> <span class='ocrx_word' id='word_1_360' title='bbox 985 4141 1009 4202; x_wconf 70' lang='grc' dir='ltr'><strong>ἓ.</strong></span> <span class='ocrx_word' id='word_1_361' title='bbox 1029 4141 1052 4193; x_wconf 87' lang='grc'><strong>1.</strong></span> <span class='ocrx_word' id='word_1_362' title='bbox 1071 4144 1106 4193; x_wconf 93' lang='lat' dir='ltr'><strong>D.</strong></span> <span class='ocrx_word' id='word_1_363' title='bbox 1123 4139 1198 4202; x_wconf 83' lang='lat'>35,1</span> <span class='ocrx_word' id='word_1_364' title='bbox 1222 4137 1270 4205; x_wconf 79' lang='lat' dir='ltr'><strong>(ds</strong></span> 
     </span>
     <span class='ocr_line' id='line_1_40' title="bbox 65 4212 264 4265; baseline -0.015 -1"><span class='ocrx_word' id='word_1_365' title='bbox 65 4212 264 4265; x_wconf 71' lang='lat' dir='ltr'><strong>conditionib..</strong></span> 
     </span>
    </p>

    <p class='ocr_par' dir='ltr' id='par_1_13' title="bbox 100 4279 781 4351">
     <span class='ocr_line' id='line_1_41' title="bbox 100 4279 781 4351; baseline 0 -17"><span class='ocrx_word' id='word_1_366' title='bbox 100 4279 131 4348; x_wconf 88' lang='grc'><strong>7)</strong></span> <span class='ocrx_word' id='word_1_367' title='bbox 149 4284 193 4334; x_wconf 77' lang='lat' dir='ltr'><strong>Fr.</strong></span> <span class='ocrx_word' id='word_1_368' title='bbox 212 4279 239 4334; x_wconf 83' lang='lat'><strong>4.</strong></span> <span class='ocrx_word' id='word_1_369' title='bbox 258 4299 297 4349; x_wconf 85' lang='lat' dir='ltr'><strong>pr.</strong></span> <span class='ocrx_word' id='word_1_370' title='bbox 316 4284 350 4333; x_wconf 91' lang='lat' dir='ltr'><strong>D.</strong></span> <span class='ocrx_word' id='word_1_371' title='bbox 369 4280 412 4334; x_wconf 70' lang='lat'><strong>31,</strong></span> <span class='ocrx_word' id='word_1_372' title='bbox 431 4285 493 4351; x_wconf 75' lang='lat' dir='ltr'><strong>Arg.</strong></span> <span class='ocrx_word' id='word_1_373' title='bbox 514 4285 547 4336; x_wconf 81' lang='lat' dir='ltr'><strong>ir.</strong></span> <span class='ocrx_word' id='word_1_374' title='bbox 565 4281 608 4336; x_wconf 85' lang='lat'><strong>89.</strong></span> <span class='ocrx_word' id='word_1_375' title='bbox 626 4301 665 4350; x_wconf 90' lang='lat' dir='ltr'><strong>pr.</strong></span> <span class='ocrx_word' id='word_1_376' title='bbox 684 4286 718 4335; x_wconf 92' lang='lat' dir='ltr'><strong>D.</strong></span> <span class='ocrx_word' id='word_1_377' title='bbox 738 4280 781 4335; x_wconf 81' lang='lat'><strong>32.</strong></span> 
     </span>
    </p>

    <p class='ocr_par' dir='ltr' id='par_1_14' title="bbox 63 4351 1268 4565">
     <span class='ocr_line' id='line_1_42' title="bbox 101 4351 1268 4422; baseline 0 -16"><span class='ocrx_word' id='word_1_378' title='bbox 101 4352 130 4421; x_wconf 87' lang='grc'><strong>8)</strong></span> <span class='ocrx_word' id='word_1_379' title='bbox 148 4356 192 4406; x_wconf 84' lang='lat' dir='ltr'><strong>Fr.</strong></span> <span class='ocrx_word' id='word_1_380' title='bbox 212 4353 238 4407; x_wconf 91' lang='grc'><strong>1.</strong></span> <span class='ocrx_word' id='word_1_381' title='bbox 257 4356 282 4413; x_wconf 59' lang='grc' dir='ltr'><strong>θ’.</strong></span> <span class='ocrx_word' id='word_1_382' title='bbox 300 4351 325 4405; x_wconf 87' lang='grc'><strong>3.</strong></span> <span class='ocrx_word' id='word_1_383' title='bbox 343 4356 376 4405; x_wconf 92' lang='lat' dir='ltr'><strong>D.</strong></span> <span class='ocrx_word' id='word_1_384' title='bbox 398 4352 423 4419; x_wconf 90' lang='grc'><strong>7,</strong></span> <span class='ocrx_word' id='word_1_385' title='bbox 443 4355 459 4409; x_wconf 81' lang='lat'>2</span> <span class='ocrx_word' id='word_1_386' title='bbox 478 4354 526 4422; x_wconf 81' lang='lat' dir='ltr'><strong>(ds</strong></span> <span class='ocrx_word' id='word_1_387' title='bbox 547 4356 627 4407; x_wconf 85' lang='lat' dir='ltr'><strong>usuir.</strong></span> <span class='ocrx_word' id='word_1_388' title='bbox 648 4353 849 4420; x_wconf 81' lang='lat' dir='ltr'><strong>aseresuendo).</strong></span> <span class='ocrx_word' id='word_1_389' title='bbox 874 4355 1006 4405; x_wconf 72' lang='lat' dir='ltr'><strong>Vetissus</strong></span> <span class='ocrx_word' id='word_1_390' title='bbox 1025 4354 1047 4413; x_wconf 73' lang='lat'><strong>§-</strong></span> <span class='ocrx_word' id='word_1_391' title='bbox 1066 4352 1110 4407; x_wconf 90' lang='grc'><strong>77.</strong></span> <span class='ocrx_word' id='word_1_392' title='bbox 1148 4355 1268 4407; x_wconf 80' lang='lat' dir='ltr'><strong>Hosius</strong></span> 
     </span>
     <span class='ocr_line' id='line_1_43' title="bbox 63 4424 1267 4496; baseline -0.001 -17"><span class='ocrx_word' id='word_1_393' title='bbox 63 4428 228 4480; x_wconf 74' lang='lat' dir='ltr'><strong>austodtme</strong></span> <span class='ocrx_word' id='word_1_394' title='bbox 244 4424 407 4492; x_wconf 74' lang='lat' dir='ltr'><strong>prudentum</strong></span> <span class='ocrx_word' id='word_1_395' title='bbox 425 4429 595 4483; x_wconf 71' lang='lat' dir='ltr'><strong>constitutum</strong></span> <span class='ocrx_word' id='word_1_396' title='bbox 613 4431 669 4491; x_wconf 62' lang='lat' dir='ltr'><strong>ests</strong></span> <span class='ocrx_word' id='word_1_397' title='bbox 689 4426 896 4496; x_wconf 77' lang='lat' dir='ltr'><strong>quodsxlniset</strong></span> <span class='ocrx_word' id='word_1_398' title='bbox 914 4427 973 4478; x_wconf 84' lang='lat' dir='ltr'><strong>aliis</strong></span> <span class='ocrx_word' id='word_1_399' title='bbox 985 4426 1061 4490; x_wconf 83' lang='lat' dir='ltr'><strong>loeis,</strong></span> <span class='ocrx_word' id='word_1_400' title='bbox 1078 4427 1221 4494; x_wconf 78' lang='lat' dir='ltr'><strong>praesertim</strong></span> <span class='ocrx_word' id='word_1_401' title='bbox 1239 4428 1267 4478; x_wconf 88' lang='lat' dir='ltr'><strong>in</strong></span> 
     </span>
     <span class='ocr_line' id='line_1_44' title="bbox 63 4496 376 4565; baseline 0 -17"><span class='ocrx_word' id='word_1_402' title='bbox 63 4497 127 4552; x_wconf 78' lang='lat' dir='ltr'><strong>Vst.</strong></span> <span class='ocrx_word' id='word_1_403' title='bbox 143 4501 187 4562; x_wconf 76' lang='lat' dir='ltr'><strong>in,</strong></span> <span class='ocrx_word' id='word_1_404' title='bbox 206 4496 376 4565; x_wconf 78' lang='lat' dir='ltr'><strong>sonsploitur.</strong></span> 
     </span>
    </p>
   </div>
   <div class='ocr_carea' id='block_1_5' title="bbox 0 0 1404 4972">
    <p class='ocr_par' dir='ltr' id='par_1_15' title="bbox 0 0 1404 4972">
     <span class='ocr_line' id='line_1_45' title="bbox 0 0 1404 4972; baseline 0 3"><span class='ocrx_word' id='word_1_405' title='bbox 0 0 1404 4972; x_wconf 95' lang='lat' dir='ltr'><strong> </strong></span> 
     </span>
    </p>
   </div>
  </div>
 </body>
</html>
