2804 4966
95 306 132 364 70
419 310 717 352 sternutamentum
738 310 841 351 acuunt
862 310 993 353 rntvarr.

103 445 231 520 milites,
254 439 395 523 episcopt
405 442 438 500 et
461 434 659 525 monachi1),
683 435 798 519 quibus
820 436 970 505 omnibus
992 454 1043 506 ne
1065 441 1289 527 deferrique

97 543 195 608 tutela
217 541 271 604 vel
292 556 369 602 cura
392 538 513 602 utiliter
532 541 649 620 potest.
1274 560 1280 573 ,

137 647 168 726 g.
182 640 255 709 255.
299 638 382 702 Alils
403 637 548 719 personis
572 635 690 700 deterri
718 635 863 717 quiden,
894 638 955 701 sed
979 642 1118 725 suscipi
1150 644 1193 709 ub
1213 646 1288 709 tisu

96 759 224 807 munera
245 756 307 803 uon
327 741 479 820 possunt:
501 753 601 817 quare
624 736 717 803 bodie
731 756 748 800 u
763 738 969 821 suscipienda
982 742 1045 807 vel
1060 746 1215 829 gerenda
1226 747 1290 813 tutet

96 843 150 908 vel
173 860 248 906 cura
269 839 446 902 accessorio
467 837 613 901 exutum
632 838 790 902 dicuntur.

140 941 255 1027 §.262
299 941 379 1005 Sunt
400 954 447 1007 e·
467 938 593 1016 furiosi,
615 939 704 1016 muti,
728 938 835 1017 surdi,
858 941 934 1004 cuci
959 942 1016 1006 vel
1042 945 1153 1011 alinnr
1176 948 1217 1012 ob
1235 966 1292 1014 nor·

97 1044 170 1107 bum
193 1041 231 1106 ud
260 1040 402 1124 gerenda
435 1039 567 1103 allorum
599 1040 728 1122 negotia
758 1039 976 1130 inhabiles');
1008 1045 1148 1113 inimici
1175 1050 1292 1133 captus

97 1143 207 1227 pupilli
231 1141 497 1218 adolescentisve,
520 1141 572 1203 vel
588 1143 686 1222 patris
707 1158 816 1204 eorum
839 1143 901 1206 nisi
921 1147 1164 1214 reconciliatio
1179 1153 1292 1215 interut·

98 1248 193 1334 nitl).
238 1244 314 1307 llern
343 1243 391 1318 is,
423 1243 477 1322 qui
507 1247 608 1304 status
630 1243 879 1304 controversiam
902 1250 1037 1325 epatre
1063 1251 1190 1333 pupilli
1211 1268 1293 1336 pastu

97 1352 147 1411 est
167 1345 220 1409 vel
251 1345 281 1407 el
302 1342 446 1425 moverit,
469 1348 524 1404 aut
551 1341 691 1404 creditor
719 1340 885 1405 debitorve
908 1342 1025 1423 pupilli
1047 1348 1110 1412 vel
1138 1352 1294 1441 cuntulit

95 1449 171 1512 item
185 1447 220 1522 ll,
241 1445 296 1526 qui
312 1461 329 1505 a
345 1441 528 1522 parentibus
543 1447 662 1505 tutores
671 1459 744 1504 esse
767 1443 800 1504 in
813 1446 1003 1507 testamento
1015 1448 1187 1528 prohibiti
1200 1454 1295 1541 παῖ’)

97 1554 152 1611 aut
183 1546 236 1628 qni
270 1562 306 1608 se
337 1547 423 1626 ipsos
457 1543 569 1605 volunt
597 1543 746 1625 ingerere
776 1548 810 1604 ut
846 1549 1018 1624 creentur,
1059 1553 1196 1635 quique
1222 1572 1295 1639 μοι.

98 1651 181 1712 niam
203 1646 329 1732 uentu).
353 1642 551 1707 Generaliter
574 1643 601 1705 si
625 1659 686 1723 qua
707 1643 789 1705 iustu
810 1659 904 1706 causa
921 1647 1159 1728 magistratum
1177 1657 1295 1731 norant

99 1764 157 1811 cur
184 1745 323 1828 pupillus
347 1762 411 1807 nou
433 1743 547 1807 debeat
567 1744 600 1806 in
622 1741 756 1807 allcuius
780 1743 878 1807 tutela
900 1748 1040 1827 uersari,
1072 1754 1224 1821 relicere
1248 1772 1294 1821 en

99 1847 227 1912 debebit
238 1847 278 1936 τ).

161 2019 230 2073 Tru.
250 2018 284 2069 X.
319 2015 369 2068 DE
386 2011 702 2070 uxcusuumumus
721 2012 899 2069 TUTORUM
916 2017 964 2069 nt*
981 2016 1264 2100 CURATORUM').

140 2155 171 2235 ξ.
182 2149 254 2217 251.
299 2148 375 2210 Cum
398 2147 497 2210 tutela
518 2154 613 2229 atque
636 2166 709 2211 cura
732 2148 866 2231 publicis
895 2153 1088 2219 muneribus
1124 2160 1192 2226 iam
1220 2163 1294 2229 alne

101 2256 227 2314 meratae
248 2249 370 2336 sinet),
400 2265 471 2328 qua
493 2248 530 2311 ab
553 2249 696 2312 omuibus
721 2249 906 2331 reipublice
927 2252 1055 2319 civibus
1079 2258 1294 2338 territabat

103 2352 236 2436 quilibet
257 2368 310 2413 eus
327 2349 460 2432 gerendi
482 2349 627 2426 idoneus,
649 2350 700 2411 cui
724 2349 922 2429 deseruntur,
938 2352 977 2416 ud
1000 2372 1059 2419 eas
1090 2365 1295 2449 suscipientur

102 2459 238 2517 tenetur.
281 2450 427 2514 Attaruen
450 2451 605 2530 aequitatis
630 2451 752 2513 ratione
774 2453 869 2514 certis
889 2470 929 2515 ex
950 2457 1058 2520 cauais
1084 2468 1294 2530 excusationes

104 2550 332 2627 conceduntur,
356 2549 469 2631 quibus
480 2551 620 2631 probatis
642 2551 681 2613 ad
703 2550 831 2616 tutelam
853 2554 906 2617 vel
929 2570 1037 2619 curam
1061 2567 1181 2630 vocati
1198 2582 1294 2633 ecnu-

99 2671 177 2717 nere
201 2650 330 2714 liberari
352 2655 496 2733 possunt.

141 2757 172 2836 ξ.
186 2750 258 2818 258.
302 2749 456 2813 Excusari
478 2756 612 2832 possunt
632 2770 649 2814 a
673 2754 771 2816 tutela
792 2772 911 2833 omnes,
935 2757 1052 2838 quibus
1070 2764 1213 2844 publica
1229 2783 1296 2852 qna

102 2855 171 2917 dam
192 2856 333 2934 potestas
356 2856 404 2914 est
424 2851 567 2914 mundata
579 2852 638 2940 10);
661 2871 768 2917 rerum
791 2856 858 2919 lisci
879 2857 930 2921 vel
953 2860 1141 2942 principum
1169 2873 1297 2954 vestiga

100 2954 242 3034 liumque
262 2951 531 3016 administratores
548 2953 601 3040 ¹¹),
625 2959 656 3016 et
680 2955 735 3036 qui
757 2957 790 3018 in
812 2957 978 3021 consilium
988 2960 1153 3046 principis
1174 2977 1298 3033 suntal·

100 3056 193 3118 sumti
205 3053 265 3141 1”);
287 3053 361 3115 item
382 3052 522 3143 praelecti
533 3071 664 3116 annona
680 3055 730 3119 vel
744 3058 888 3140 vigilum,
910 3058 1046 3122 officium
1060 3073 1233 3135 mensoris
1246 3071 1299 3135 lru·

103 3155 246 3218 moniarii
269 3159 419 3237 gerentes
433 3155 493 3240 18),
521 3153 659 3236 denique
684 3174 810 3235 omnes,
842 3161 896 3239 qui
917 3160 1106 3242 reipublicae
1131 3188 1236 3236 causa
1256 3171 1300 3237 ab·

101 3255 237 3342 sustu),
260 3253 313 3318 vel
337 3255 392 3335 qui
414 3254 581 3317 abluerunt
606 3262 637 3318 et
656 3259 780 3320 reversi
802 3266 886 3336 sunt,
909 3261 989 3324 iutra
1009 3280 1141 3329 annum.

141 3357 173 3437 g.
188 3354 260 3422 259.
304 3353 445 3416 biberari
464 3371 622 3435 quoquea
646 3355 743 3419 tutela
765 3365 898 3439 possunt
921 3363 1033 3425 artium
1053 3371 1110 3426 aut
1131 3370 1301 3435 studiorum

104 3452 281 3517 liberalium
294 3453 504 3534 professores,
517 3454 615 3517 veluti
631 3454 786 3535 rhetores,
797 3459 922 3537 medici,
943 3460 1021 3524 iuris
1035 3464 1251 3543 professores
1261 3472 1302 3557 ¹⁶),

133 3626 162 3693 1)
184 3626 208 3686 ἓ.
230 3621 334 3678 1618.
357 3620 389 3676 D.
408 3622 486 3688 26,1
508 3621 554 3692 (dc
572 3623 683 3693 tutelis).
703 3642 725 3679 o.
745 3626 787 3680 52.
808 3629 837 3680 C.
849 3627 873 3681 1.
891 3628 908 3682 3
931 3629 979 3700 (da
997 3635 1117 3704 episcop.
1138 3647 1169 3695 et
1190 3640 1303 3709 οΙοείοἰΙ).

100 3696 169 3750 Nor.
190 3694 250 3749 123.
270 3712 292 3747 c.
310 3692 335 3748 5.
356 3696 379 3757 6.
399 3695 423 3748 1.
445 3711 468 3748 o.
485 3693 511 3747 4.
532 3695 606 3760 (1.6,
625 3694 661 3748 34
681 3694 739 3765 (qui
758 3697 846 3766 dure).

135 3766 164 3906 2)
184 3767 229 3819 Fr.
251 3766 276 3820 1.
295 3765 352 3826 §.2
371 3765 396 3819 3.
418 3768 449 3819 ir.
461 3764 504 3821 17.
524 3764 555 3819 D.
577 3766 623 3831 26,
646 3767 660 3818 1
680 3768 726 3836 (de
745 3767 814 3837 sut).
833 3788 856 3824 o.
875 3771 901 3825 3.
927 3776 957 3827 D.
976 3771 1001 3840 5,
1019 3772 1055 3828 34
1072 3775 1136 3849 (qui
1153 3789 1210 3841 tut.
1230 3782 1304 3853 dare).

133 3841 151 3894 3
200 3875 206 3888 .
228 3837 311 3890 11.1.
331 3837 356 3902 1,
376 3835 412 3890 25
430 3835 477 3904 (dc
496 3835 640 3905 excusat).

132 3909 162 3977 4)
182 3909 206 3969 §.
229 3909 272 3962 12.
291 3909 390 3961 Laod.
409 3908 484 3960 fet.
503 3911 526 3970 §-
545 3909 588 3962 18.
613 3907 642 3960 Ι).
662 3906 748 3975 27,1.
772 3913 835 3965 eod.
855 3915 922 3969 Nor.
942 3913 985 3973 72.

131 3981 149 4036 5
180 3980 223 4033 Fr.
244 3981 287 4033 21.
307 3980 330 4040 ἓ.
349 3979 374 4032 2.
394 3982 427 4032 D.
447 3980 490 4043 26,
511 3978 529 4033 5
548 3979 597 4048 (de
617 3986 695 4035 tutor.
713 3986 757 4059 va)
776 4000 830 4038 our.
850 3986 942 4056 datis).

130 4054 147 4106 6
177 4053 221 4105 Fr.
241 4051 284 4105 21.
303 4052 327 4112 6.
346 4050 372 4104 6.
390 4053 424 4103 D.
445 4052 507 4104 eod.
561 4049 590 4117 7)
610 4053 653 4105 Fr.
663 4052 689 4106 3.
708 4054 731 4114 §-
745 4053 786 4107 12.
807 4060 839 4108 D.
856 4058 899 4123 26,
918 4062 953 4116 10
972 4059 1020 4129 (de
1041 4076 1115 4130 susp·
1137 4067 1215 4138 tut).

130 4124 159 4193 8)
177 4127 198 4177 Ι.
218 4123 244 4187 1,
263 4121 305 4177 25.
333 4124 367 4175 D.
388 4119 475 4186 27,1.
503 4118 577 4184 (1.6,
597 4122 631 4174 62
659 4122 707 4190 (da
735 4134 857 4181 excusat.
883 4137 961 4186 tutor.
980 4134 1035 4186 vel-
1049 4138 1196 4207 curetor.).
1242 4143 1306 4196 vas.

96 4212 166 4250 cunc
183 4196 249 4248 iurls
266 4198 420 4262 fragmenta
439 4192 462 4254 ὃ.
480 4191 629 4247 lta-247.

132 4264 160 4333 9)
179 4268 223 4319 Pr.
241 4268 263 4318 1.
282 4269 310 4318 h.
328 4271 374 4318 t*
436 4259 483 4329 10)
503 4265 526 4325 t.
546 4262 611 4318 3.1.
633 4267 660 4317 h.
681 4272 699 4319 t.
806 4267 852 4336 11)
873 4271 896 4334 t.
917 4273 941 4325 1.
960 4276 981 4325 1.
1000 4274 1035 4326 tu.

116 4334 163 4403 12)
181 4339 225 4388 Fr.
244 4335 287 4390 30.
306 4339 340 4389 D.
360 4339 387 4388 h.
407 4340 425 4387 t.
536 4332 583 4402 13)
601 4337 644 4388 Fr.
664 4336 707 4390 26.
725 4339 759 4390 D.
779 4340 806 4392 b.
827 4348 847 4394 t.

118 4404 164 4544 14)
185 4405 253 4468 aa.
272 4409 293 4459 1.
314 4410 399 4461 auu.
419 4404 461 4460 10.
480 4423 520 4474 pr.
539 4405 749 4468 §.annu

116 4475 152 4530 15
181 4476 205 4539 6.
222 4474 265 4531 15.
283 4479 304 4531 1.
324 4480 359 4532 lb.
376 4481 407 4531 fr.
428 4477 454 4532 6.
473 4478 496 4540 ἓ.
513 4479 558 4533 11.
576 4480 601 4533 2.
619 4481 653 4531 D.
675 4478 737 4533 eod.
