2804 4966
98 299 138 351 w
627 299 772 337 austurio.

92 448 239 504 veterum
261 425 439 522 fragmenta
472 456 514 499 ex
542 433 620 498 iuris
642 432 780 498 fontibus
821 431 1011 519 deprompta
1046 433 1199 516 apposui,
1235 434 1294 496 sed

97 540 192 606 etiam
215 538 361 603 ordinem
382 537 415 599 in
437 533 509 601 Gaii
533 544 564 599 et
581 532 743 598 Iustiniani
764 529 1015 596 institutionibus
1038 542 1202 618 receptum
1229 555 1294 597 ser-

96 640 179 722 vavi,
204 659 341 723 eumque
365 663 402 706 ea
421 637 544 702 ratione
563 645 683 701 tantum
714 634 898 716 emendavi,
929 658 989 720 qua
1018 636 1197 699 novissimis
1218 637 1296 700 iuris

96 741 218 806 romani
243 749 274 805 et
295 749 438 806 accurata
459 739 536 802 iuris
559 746 659 802 artem
672 743 759 800 reete
771 736 924 800 tractandi
946 737 1115 800 methodus
1135 737 1216 800 illud
1238 761 1295 823 po-

43 913 46 920 ,
97 840 210 928 poscit.
252 839 288 904 ln
313 840 361 904 his
383 849 488 904 tamen
512 862 530 902 a
550 836 628 900 iuris
643 836 764 899 romani
786 841 990 923 systematiee
1002 838 1156 901 tractandi
1175 839 1297 903 ratione

99 943 134 1006 in
146 937 317 1006 Germania
337 939 450 1002 usitata
470 936 599 1015 recessi,
626 935 784 1021 quoniam,
809 936 921 1000 utiam
942 938 974 999 in
993 938 1083 1000 tertia
1107 961 1297 999 iusrirurio-

98 1066 163 1105 unu
188 1031 317 1125 usinum
341 1038 480 1103 editione
501 1038 619 1118 monui,
646 1037 699 1121 qui
721 1058 759 1100 eo
781 1036 878 1101 modo
902 1036 949 1100 ius
975 1037 1067 1102 civile
1081 1039 1296 1122 digesserunt,

97 1164 163 1206 non
183 1163 255 1205 raro
280 1139 365 1204 illud
388 1140 477 1223 quasi
502 1138 692 1202 dilacerasse
715 1146 745 1200 et
769 1137 942 1222 genuinam
976 1138 1042 1201 eius
1073 1139 1206 1201 formam
1230 1161 1298 1202 eor-

100 1241 226 1328 rupisse
247 1239 325 1303 mihi
346 1239 503 1303 videntur.
546 1237 646 1303 Movit
667 1261 718 1302 me
740 1237 821 1301 illud
835 1230 987 1323 ‘quoque‚
1019 1240 1105 1322 quod
1134 1262 1219 1324 saepe
1243 1263 1298 1303 ex-

100 1349 211 1426 pertus
233 1363 315 1420 sum,
339 1339 415 1402 iuris
439 1339 584 1404 discendi
605 1338 788 1420 ‘studiosoS,
816 1339 979 1425 perceptis
1002 1341 1063 1402 alio
1088 1341 1200 1404 ordine
1221 1341 1299 1404 iuris

101 1440 224 1506 romani
248 1438 430 1520 elementis,
461 1460 525 1501 non
547 1438 616 1502 sine
639 1459 755 1524 magno
779 1438 890 1503 labore
912 1438 996 1523 ipsas
1019 1438 1182 1504 Iustiniani
1208 1440 1299 1504 lnsti-

101 1540 239 1605 tutiones
259 1561 357 1625 posse
379 1537 572 1623 intelligere.
617 1537 681 1617 Qui
702 1560 818 1601 novam
840 1539 922 1602 hane
950 1538 1023 1603 libri
1044 1538 1107 1602 mci
1140 1541 1299 1602 recensio-

102 1662 178 1705 nem
203 1662 274 1704 eum
292 1639 496 1726 praecedente
509 1639 576 1702 eius
600 1640 739 1704 editione
755 1661 940 1724 comparare
951 1639 1100 1726 voluerit,
1114 1639 1207 1702 facile
1225 1661 1299 1724 cog-

103 1750 222 1821 noscet,
245 1761 297 1804 me
308 1739 399 1802 illum
414 1761 480 1802 non
491 1739 596 1804 solum
609 1740 852 1827 diligentissime
865 1740 1057 1820 correxisse,
1077 1761 1192 1803 verum
1208 1741 1301 1804 etiam

101 1842 244 1930 plurima
265 1841 298 1904 in
322 1862 359 1905 eo
382 1840 552 1905 innovasse
565 1849 597 1905 et
617 1840 817 1926 opinionibus
830 1850 924 1926 atque
936 1839 1110 1922 sententiis,
1136 1864 1204 1926 quae
1217 1865 1300 1905 anno

102 1942 315 2010 MDXXXIV
331 1965 415 2006 verae
440 1952 492 2006 aut
517 1943 658 2030 probatae
681 1942 757 2005 mihi
780 1941 991 2022 videbantur,
1017 1963 1068 2004 eas
1091 1942 1300 2021 substituisse,

36 2106 38 2110 ,
104 2065 173 2129 quae
196 2043 477 2108 celeberrimorum
500 2042 800 2107 iurisconsultorum
822 2051 1002 2106 nostrorum
1023 2065 1122 2128 opera
1144 2053 1174 2107 et
1196 2042 1301 2106 studio

104 2143 246 2209 veriores
271 2153 302 2208 et
322 2143 522 2228 probatiores
546 2150 630 2208 nunc
654 2143 772 2208 debent
793 2145 919 2222 habori3
952 2166 1012 2228 qua
1035 2143 1068 2206 in
1088 2137 1301 2224 re,'maxime

103 2243 350 2308 illustrissimum
372 2243 574 2325 Sivvenruu,
599 2252 630 2309 et
652 2244 897 2309 celeberrimum
913 2245 1227 2329 Heidelbergensem
1251 2244 1301 2305 lu-

42 2352 46 2361 “
105 2344 330 2410 riseonsultum
352 2370 389 2408 ne
412 2346 611 2426 Vsuseaovv,
634 2345 721 2410 cuius
746 2366 844 2431 opere
873 2346 913 2410 de
936 2345 1103 2410 Pandeotis
1128 2344 1301 2430 composito

71 2445 73 2448 ⁴
103 2445 243 2510 omnium
272 2443 349 2508 iuris
382 2443 482 2508 civilis
512 2444 815 2527 controversiarum,
848 2445 1023 2531 praesertim
1053 2444 1168 2510 saeculo
1192 2454 1300 2507 nostro

12 2614 16 2622 ,
102 2544 186 2608 inter
209 2543 390 2610 Germaniae
414 2542 659 2610 iurisconsultos
683 2546 879 2631 agitaturum,
905 2545 1139 2611 dilucidissimae
1174 2545 1300 2630 exposi-

103 2644 206 2710 tiones
228 2654 259 2708 et
279 2667 402 2710 summa
415 2646 512 2711 laude
534 2645 641 2732 dignae
662 2648 837 2713 solutiones
855 2648 1063 2728 continentur,
1085 2657 1228 2711 secutum
1250 2667 1302 2708 me

107 2767 178 2812 esse
198 2735 364 2831 profiteor.
407 2746 528 2812 Preter
549 2748 772 2813 bos⁴›auctores
794 2749 968 2836 saepissime
1001 2751 1034 2813 in
1055 2749 1136 2812 notis
1159 2749 1199 2812 ad
1224 2749 1299 2812 Ele-

104 2860 211 2912 menta
233 2851 316 2912 iuris
337 2853 469 2914 romani
485 2849 666 2935 provocavi,
690 2873 759 2935 quae
782 2850 1012 2915 eruditissimus
1034 2850 1068 2912 in
1088 2848 1301 2913 Universitate

102 2948 310 3013 Bruxellensi
330 2947 407 3011 iuris
429 2951 552 3013 romani
575 2951 740 3035 professor
762 2945 909 3015 Oeneius
923 2951 1031 3015 Mavuz
1053 2950 1218 3034 publicare
1241 2973 1301 3012 eoe-

105 3048 163 3135 pit,
184 3051 304 3136 quippe
327 3070 396 3134 quae
420 3049 539 3134 etipsa
560 3049 768 3113 novissimum
789 3051 928 3116 scientiae
950 3060 1066 3116 nostrae
1084 3060 1197 3115 statum
1212 3037 1301 3114 exhi-

105 3151 223 3231 bentia,
247 3148 371 3215 Gallica
394 3149 536 3214 oratione
558 3150 732 3234 composita
749 3150 811 3214 sint
821 3152 961 3237 ideoque
977 3155 1015 3217 ab
1039 3151 1157 3216 exteris
1180 3151 1301 3215 facilius

109 3250 340 3337 intelligantur,
365 3266 458 3334 quam
478 3250 552 3315 libri
574 3251 650 3314 iuris
677 3251 778 3315 civilis
800 3252 985 3337 germanice
1008 3252 1126 3338 scripti.

148 3351 213 3433 Ita,
236 3351 371 3438 repetita
399 3351 606 3437 praelectione
630 3351 746 3433 habita,
775 3361 955 3417 retractatas
984 3361 1015 3416 et
1038 3351 1220 3414 emendatas
1246 3351 1303 3413 has

112 3474 198 3516 meas
229 3450 308 3515 iuris
338 3452 460 3515 romani
481 3451 696 3516 Institutiones
729 3452 805 3516 iuris
835 3453 1070 3539 professoribus
1102 3461 1132 3531 et
1153 3450 1303 3513 studiosis

111 3553 215 3618 denuo
238 3554 329 3618 trado
354 3561 517 3617 eteorum
540 3554 771 3619 benevolentiae
793 3555 905 3619 fidenti
926 3554 1030 3618 animo
1055 3550 1254 3617 commende.

153 3651 274 3737 Scripsi
291 3651 515 3749 ⁸Stuttgardtiae
536 3653 568 3720 in
590 3677 693 3743 regno
710 3656 1003 3743 Wtirttembergico
1023 3655 1133 3723 Idibus
1154 3651 1303 3722 Octobris

107 3756 181 3824 anni
200 3753 442 3822 MDCOCLIX.

855 3947 892 4066 n
918 3945 956 4024 i.
981 3944 1255 4023 vmuuuuo.
