2804 4966
580 315 663 353 uren
681 314 719 358 rr.
737 314 798 354 cnr.
817 316 836 351 ι.
1254 308 1308 364 299

96 445 201 509 ralem
225 463 295 511 rem
313 441 508 511 intendimus
531 445 670 505 nostram
693 457 775 518 assa,
800 446 854 505 aut
878 443 929 505 ius
953 441 1080 523 aliquod
1105 445 1195 508 nobis
1218 463 1306 511 com-

95 551 226 626 petere,
251 545 342 608 velut
363 543 489 619 utendi,
517 541 661 619 fruendi,
683 543 799 618 eundi,
822 543 957 625 agendi,
982 560 1137 624 aquamue
1160 545 1308 624 ducendi,

96 645 154 711 vol
179 644 280 709 ultius
295 644 442 722 tollendi,
466 641 519 706 vol
534 643 759 724 prospiciendi.
804 642 837 705 In
855 661 1021 723 porsonam
1039 645 1123 710 actio
1139 652 1198 723 ast,
1223 664 1307 727 quo-

96 750 186 810 tiens
211 764 282 809 cum
301 743 409 826 abque
431 746 565 826 agimus,
590 746 645 825 qui
667 744 756 806 nobis
781 742 834 807 vol
858 763 899 805 ex
921 749 1083 808 contractu
1105 745 1157 809 vel
1183 767 1224 811 ex
1247 749 1307 813 de-
1353 795 1357 800 -

96 848 179 912 licto
203 836 309 911 aliave
331 862 426 909 causa
449 843 606 927 obligatus
623 849 672 906 est
687 844 708 905 i.
727 862 755 906 e.
771 862 841 907 cum
856 846 1057 923 intendimus,
1080 847 1167 924 dare,
1192 847 1311 932 lacera,

95 952 260 1031 praestare
283 951 432 1027 oportere
447 947 484 1028 ¹}

142 1048 181 1113 ln
206 1062 373 1129 personam
397 1047 478 1110 actio
499 1045 571 1108 ideo
593 1051 735 1123 vocatur,
760 1045 843 1126 quod
866 1046 1158 1128 semperadversus
1175 1048 1307 1113 carrdcm

97 1166 274 1231 personam
297 1145 401 1209 locum
418 1145 512 1208 babet
522 1164 531 1221 3
555 1163 624 1207 oum
642 1147 674 1208 in
688 1164 753 1208 rem
766 1147 905 1209 actiones
923 1147 1077 1209 adversus
1095 1166 1165 1209 eum
1181 1149 1307 1227 dentur,

99 1251 157 1331 qui
183 1247 276 1313 nullo
298 1249 369 1311 iure
390 1246 484 1311 nobis
504 1247 662 1330 obligatus
687 1252 752 1324 est,
776 1253 881 1310 movet
902 1252 1003 1311 tamen
1026 1248 1116 1310 nobis
1139 1248 1178 1310 de
1200 1248 1305 1330 aliqua

97 1368 138 1412 ro
160 1347 467 1436 controversianl).
502 1346 713 1429 Appellantur
736 1353 839 1411 autern
861 1350 892 1410 in
915 1367 982 1411 rem
1005 1348 1131 1428 quidem
1154 1350 1322 1434 actiones,-

100 1451 340 1517 vindicatiouas
365 1451 419 1513 vel
441 1452 630 1533 petitiones,
659 1451 692 1513 in
712 1467 877 1531 personam
901 1468 978 1515 varo
1001 1454 1160 1526 actiones,
1193 1451 1310 1530 quibus

101 1553 181 1619 dara
206 1551 317 1619 lacere
338 1557 486 1633 oportere
507 1551 694 1628 intenditur,
716 1551 952 1625 condictiones3
974 1551 1142 1615 condicere
1164 1553 1245 1615 enim
1260 1556 1311 1617 est

102 1653 295 1717 denuntiare
316 1655 421 1734 prisca
443 1652 564 1735 lingua,
586 1670 669 1714 nune
685 1670 763 1715 vero
780 1653 912 1715 abusive
925 1652 1059 1716 dicimus
1075 1653 1306 1715 condictionem

101 1755 261 1819 actionum
283 1755 316 1819 iu
337 1770 504 1835 personam
527 1771 610 1830 esse,
634 1772 696 1834 qua
718 1759 806 1817 actor
828 1753 962 1815 intendit
978 1753 1046 1815 dari
1062 1753 1123 1815 sibi
1140 1759 1289 1833 oportere
1296 1771 1307 1828 ;

100 1853 191 1917 nulla
218 1853 304 1917 enim
334 1853 395 1917 boc
425 1860 565 1935 tompore
596 1871 634 1916 eo
663 1855 787 1917 nomine
821 1854 1018 1917 denuntiatio
1048 1853 1130 1940 fill).
1175 1852 1306 1931 Proprie

103 1961 208 2018 tumen
232 1953 448 2041 condictiones
473 1972 519 2017 eoe
541 1954 737 2018 solummodo
756 1955 787 2016 in
806 1972 972 2035 personam
986 1954 1127 2017 actiones
1139 1958 1306 2028 vocantur,

104 2071 175 2136 qum
196 2051 261 2119 nou
284 2072 324 2116 ex
345 2055 450 2119 causis
471 2056 611 2121 vicissim
636 2054 832 2138 obligatoriis
855 2057 1013 2130 oriuntur,
1038 2054 1095 2116 sed
1119 2059 1173 2116 aut
1188 2071 1228 2115 ex
1243 2053 1304 2114 sti-

103 2156 226 2238 pulatu,
250 2159 304 2219 aut
325 2155 353 2219 si
374 2155 448 2238 quid
473 2154 578 2219 datum
600 2159 652 2234 sit,
675 2155 777 2221 veluti
802 2156 1090 2232 annumeratione,
1113 2155 1166 2219 vel
1183 2172 1222 2217 ex
1238 2160 1308 2216 tes-

104 2262 255 2334 tamento,
278 2255 333 2318 uel
355 2256 542 2345 5515354).

144 2360 177 2441 §-
191 2358 284 2427 1651.
329 2357 383 2421 Sic
402 2358 510 2438 itaque
533 2357 679 2421 diseretis
702 2359 889 2435 actionibus,
913 2364 1031 2423 certum
1048 2363 1107 2434 est,
1130 2375 1193 2420 non
1208 2373 1306 2437 posse

106 2469 246 2529 actorem
265 2480 333 2529 rom
354 2479 442 2527 suam
462 2462 505 2525 ita
528 2463 568 2525 ab
590 2463 697 2554 aliquo
716 2469 840 2543 petere,
858 2463 886 2525 si
909 2466 998 2542 paret
1019 2479 1088 2525 cum
1110 2459 1187 2522 dare
1207 2477 1306 2539 opor-

107 2570 185 2627 tere.
216 2562 286 2627 Nec
308 2565 390 2629 enim
414 2564 496 2643 quod
518 2566 634 2627 actoris
658 2569 719 2640 est,
740 2564 771 2625 id
795 2565 824 2627 ei
845 2563 913 2626 deri
929 2568 1072 2643 oportet;
1096 2560 1304 2641 quiascilioet

107 2665 175 2731 dari
195 2666 343 2745 cuiquam
361 2664 394 2727 id
414 2664 617 2747 intelligitur,
638 2665 722 2744 quod
742 2666 785 2728 ita
808 2664 909 2739 datur,
932 2671 966 2724 ut
987 2665 1057 2726 eius
1081 2662 1144 2738 liat,
1167 2676 1304 2735 necros,

106 2782 177 2845 qum
199 2765 261 2828 iam
281 2765 399 2831 actoris
423 2771 483 2841 est,
506 2766 606 2848 magis
633 2767 702 2828 eius
724 2764 791 2827 lieri
805 2770 908 2846 potest
920 2766 961 2850 ⁶).
992 2762 1087 2826 Plane
1102 2763 1175 2826 odio
1188 2761 1304 2838 lurum,

105 2883 169 2947 quo
189 2866 291 2949 magis
311 2864 456 2947 pluribus
480 2867 656 2930 actionibus
677 2871 856 2942 teneantur,
879 2864 1023 2928 ellectum
1048 2870 1115 2940 ast,
1140 2867 1191 2940 ut,
1216 2869 1304 2927 extra

104 2983 227 3047 poenam
250 2965 338 3046 dupli
361 2970 415 3027 aut
436 2966 621 3047 quadrupli,
653 2969 700 3028 roi
730 2966 921 3048 recipienda
944 2966 1069 3029 nomine
1098 2964 1186 3027 iures
1210 2968 1303 3031 etiam

105 3085 143 3128 ex
167 3068 227 3129 hac
246 3067 370 3128 notione
392 3071 575 3129 teneantur:
599 3067 652 3146 ,Si
669 3074 774 3147 paret,
797 3086 849 3129 cos
869 3067 1134 3145 dorecportere<⁴3
1159 3066 1302 3147 quamvis

102 3168 143 3249 sit
164 3167 320 3230 adversus
343 3184 399 3230 eos
422 3170 513 3231 etiam
539 3170 603 3233 haec
634 3172 665 3232 in
690 3189 755 3233 rem
786 3175 884 3247 actio,
916 3188 974 3250 per
1003 3186 1094 3250 quam
1121 3187 1188 3231 rem
1217 3186 1303 3230 suam

104 3268 173 3350 quis
193 3283 267 3335 esse
289 3269 368 3349 petit
379 3269 421 3354 ⁶).
1226 3328 1229 3332 .

144 3371 176 3450 ᾗ.
188 3366 284 3434 1652.
327 3367 407 3432 Sunt
427 3369 553 3449 quidem
579 3372 719 3435 actiones
743 3372 901 3453 quadam,
935 3390 1005 3453 quae
1027 3375 1153 3434 mixtam
1176 3390 1301 3436 causam

104 3466 248 3531 obtinere
268 3462 433 3547 videntur,¹
457 3475 517 3534 tam
539 3472 570 3533 in
592 3491 658 3536 rem
681 3490 772 3553 quam
794 3473 825 3534 in
847 3490 1028 3554 personam,
1050 3471 1150 3534 veluti
1173 3474 1300 3536 lamiliae

102 3566 322 3633 herciscundae
343 3571 444 3649 actio,
465 3572 538 3634 item
561 3575 714 3641 communi
744 3574 918 3637 dividundo
947 3579 982 3636 et
1007 3575 1113 3638 finium
1136 3574 1327 3657 regundo-.

134 3792 164 3860 1)
181 3796 274 3849 venna
294 3794 354 3847 (aar.
373 3795 418 3846 ru.
439 3795 462 3855 n.
483 3792 508 3846 2.
530 3793 555 3847 o.
574 3793 598 3853 5
618 3793 641 3847 1.
661 3796 682 3847 1.
702 3797 729 3847 n.
747 3800 766 3847 t.
786 3797 818 3846 a.
839 3792 881 3848 25.
902 3813 942 3862 pr.
965 3791 994 3846 o.
1012 3794 1076 3845 rara.

134 3865 162 3932 2)
181 3867 226 3921 [¹⁸1.
245 3863 289 3919 25.
306 3883 345 3933 pr.
365 3868 407 3919 clt.
426 3865 449 3925 §-
469 3865 493 3917 1.
514 3868 534 3918 Ι.
553 3869 595 3918 cit.

133 3934 390 4003 3)§.1o.1.h.a
411 3938 471 3989 um.
490 3938 536 3990 IV.
556 3938 579 3998 ἓ.
599 3936 624 3990 5.
645 3936 686 3989 18.
710 3941 742 3990 ir.
762 3935 805 3990 25.
823 3955 862 4004 pr.
888 3939 919 3988 fr.
941 3935 983 3989 28.
1006 3934 1037 3987 l).
1056 3939 1083 3990 h.
1102 3943 1121 3988 t
1140 3939 1171 3988 fr.
1191 3932 1250 3989 178.
1268 3939 1302 3990 Ι).

99 4008 148 4073 50,
175 4006 212 4061 15
235 4009 284 4076 (do
303 4009 336 4061 V.
355 4004 404 4074 S.).
450 4010 624 4062 Descendunt
648 4010 829 4063 condictiones
855 4025 891 4061 ox
909 4014 999 4062 vetare
1024 4011 1092 4076 lagia
1119 4011 1224 4063 actione
1253 4025 1302 4075 par

99 4081 307 4136 mundonem.

131 4149 161 4217 4)
184 4152 279 4204 Cicero
302 4166 350 4218 pro
368 4151 464 4204 Roscio
484 4151 605 4203 comoedo
626 4169 648 4202 o.
668 4147 692 4201 5.
711 4152 742 4202 Τ.
763 4151 788 4203 9.
808 4152 841 4201 Ι).
862 4150 939 4214 12,1
959 4150 1004 4218 (de
1023 4153 1079 4204 reb.
1100 4149 1193 4216 cred).
1219 4151 1298 4216 Hoff-

97 4233 139 4275 ter
163 4223 201 4273 ad
220 4224 269 4274 lib.
288 4224 334 4274 IV.
355 4222 416 4275 unu
433 4241 459 4290 p.
479 4221 521 4277 65.
542 4239 596 4291 seq.
643 4223 783 4275 Zimmern
801 4222 824 4281 §.
844 4220 887 4274 60.
925 4243 949 4277 a.
971 4227 1093 4290 Sam'pny
1106 4258 1114 4287 ,
1138 4224 1246 4290 Syrtem
1266 4224 1300 4273 V.

98 4293 157 4348 109.
175 4292 239 4347 461.
260 4299 287 4345 at
305 4311 329 4346 a.
346 4292 447 4345 Keller
466 4293 504 4353 §5-
525 4294 567 4346 18.
587 4292 629 4345 67.
648 4292 691 4346 88.

132 4364 160 4433 5)
179 4365 343 4432 Explicatur
358 4365 422 4417 inda
441 4370 468 4416 et
483 4366 531 4417 illa
547 4366 616 4416 inter
635 4372 775 4431 utrumque
788 4365 925 4417 actionum
943 4380 1028 4431 genua
1041 4363 1202 4428 differentia,
1221 4380 1301 4433 quam

96 4439 202 4495 Penius
211 4441 289 4492 notat
305 4437 336 4489 in
351 4437 383 4489 ir.
403 4434 445 4489 14.
462 4434 486 4495 ἓ.
505 4436 531 4487 2.
550 4439 583 4489 D.
602 4434 647 4501 lt,
666 4437 683 4491 2
703 4432 752 4501 (da
769 4441 874 4510 except.
893 4432 1052 4505 55115515).

132 4503 608 4583 6161555155554.
