2804 4966
380 273 411 291 ἐ

567 302 694 345 crenis.
715 303 802 346 carm.
1210 297 1265 354 295
1339 329 1342 333 .

57 437 305 506 favorabiliores
324 436 373 499 rei
395 435 514 516 potius,
536 453 629 517 quam
651 442 776 503 actores
799 440 832 500 in
855 438 1155 527 iurehabentur1).
1194 443 1261 507 Ac-

57 542 115 603 tori
139 540 227 601 enim
247 537 401 619 probandi
415 531 504 600 'onus
527 539 697 613 incumbit3
728 556 831 619 eoque
862 557 926 603 non
956 540 1132 620 probante,
1150 541 1261 605 absol-

56 644 144 704 vitur
167 657 257 718 reus,
280 640 401 702 etiamsi
422 638 500 702 nihil
524 640 708 720 prostiterit
722 639 763 727 1).

97 761 128 841 §-
140 758 236 823 1038.
280 756 373 820 Nulla
396 759 544 839 competit
563 758 666 834 actio,
689 759 750 819 nisi
773 774 842 838 quae
864 757 934 818 iure
958 758 979 818 i.
999 776 1027 819 e.
1052 758 1158 838 aliquo
1181 760 1260 820 iuris

54 863 220 941 praecepto
244 858 442 939 comprobata
464 863 516 923 sit.
561 861 622 925 Sed
650 879 709 925 neo
739 859 802 922 ulla
826 862 906 923 actio
927 862 1049 923 moveri
1070 865 1176 939 potest
1199 861 1261 921 nisi

55 959 181 1039 aliquid
205 958 320 1022 factum
344 959 396 1035 sit,
419 961 502 1041 quod
526 961 594 1023 lieri
614 980 677 1025 non
701 963 851 1043 oportuit,
876 968 929 1023 aut
950 965 978 1025 si
994 963 1107 1024 facturn
1130 964 1258 1039 nonsit,

54 1061 141 1142 quod
169 1059 239 1125 lieri
260 1060 412 1127 debuerat
427 1064 467 1148 ⁸).
519 1062 641 1127 Idcirco
674 1062 819 1126 hodierni
843 1062 961 1142 duplex
995 1065 1094 1127 omnis
1124 1063 1257 1125 actionis

40 1163 297 1245 ¹fundumentum
320 1180 394 1227 esse
414 1163 544 1240 dicunt,
567 1164 646 1229 ioris
668 1164 791 1227 scilicet
813 1168 844 1225 et
862 1163 958 1241 facti3
993 1162 1072 1227 illud
1100 1168 1260 1237 renotem,

55 1266 118 1329 boc
137 1263 318 1343 pressim
335 1263 445 1343 mendi
462 1265 692 1344 fundumentum
715 1285 831 1330 vocare
858 1267 1002 1329 solebant
1011 1267 1052 1353 4).

97 1380 236 1463 §.103b
278 1379 388 1463 Agere
420 1389 553 1462 possunt
587 1385 629 1460 ii,
659 1384 774 1464 quibus
798 1384 932 1446 debetur
952 1384 1002 1460 id,
1026 1386 1115 1446 cuius
1137 1400 1256 1465 perse-

56 1480 181 1561 quendi
202 1481 305 1563 graba
327 1483 409 1544 actio
431 1490 607 1565 comparata
630 1491 689 1561 est,
710 1485 738 1547 si
757 1485 882 1565 quidem
906 1484 1037 1547 liberam
1061 1501 1167 1546 rerum
1182 1503 1259 1548 sua-

56 1597 127 1643 rum
150 1579 452 1647 administrationem
475 1583 599 1646 babent.

100 1681 225 1743 luritus
247 1699 346 1764 agere
362 1683 415 1746 vel
440 1702 592 1748 accusare
615 1703 705 1749 nemo
726 1688 851 1768 cogitur
860 1686 901 1775 ⁵).

99 1785 132 1864 ξ.
144 1780 239 1845 1040.
281 1782 391 1865 Agere
411 1790 514 1848 autem
535 1786 671 1865 quilibet
693 1787 850 1849 homiuum
874 1792 1002 1867 potest,
1033 1789 1085 1851 vel
1111 1804 1169 1850 suo
1195 1807 1256 1850 no-

60 1884 144 1944 mine
161 1880 216 1943 vel
237 1880 354 1963 alieno,
375 1883 478 1948 alieno
503 1887 524 1946 i.
550 1905 579 1948 e.
601 1886 653 1949 vel
684 1889 862 1969 cognitoris
885 1893 939 1949 aut
968 1890 1186 1968 procuratorio
1206 1887 1260 1950 rel

60 1986 182 2077 tutoric
218 1983 269 2046 rel
298 1989 456 2048 curatorto
471 1986 513 2072 ⁶).
567 1985 648 2048 Olim
676 1987 825 2067 quamdiu
852 1986 929 2049 solae
955 1985 1038 2069 legis
1062 1988 1202 2049 actiones
1226 1988 1259 2051 in

60 2102 122 2151 usu
149 2090 280 2161 essert,
311 2085 442 2149 alterius
464 2089 589 2151 nomine
618 2106 716 2170 agere
739 2107 800 2151 non
824 2089 956 2165 licebat,
980 2090 1040 2151 nisi
1062 2106 1120 2168 pro
1142 2085 1261 2168 populo

60 2185 113 2250 uel
133 2185 291 2251 libertatis
315 2204 409 2251 causa
419 2188 455 2269 1)
498 2187 609 2251 Postea
632 2207 711 2251 vero
733 2206 791 2270 per
807 2190 1004 2272 cognitorem
1028 2187 1080 2251 vel
1102 2206 1160 2270 per
1174 2183 1258 2268 ¹pro-

60 2291 242 2349 curatorem
268 2304 367 2370 agere
389 2287 516 2352 licebat.

101 2408 133 2486 §.
146 2403 241 2468 1041.
289 2402 442 2488 cognitor
470 2412 559 2483 erat,
592 2408 647 2487 qui
677 2408 772 2470 certis
803 2406 1059 2487 solemnibusque
1090 2407 1197 2469 verbis
1228 2409 1260 2469 in

61 2505 148 2568 litem
175 2523 282 2568 coram
303 2506 489 2570 adversario
519 2508 768 2572 substituebatur
790 2510 860 2570 sive
884 2525 1023 2588 presens
1053 2510 1123 2570 sive
1145 2508 1259 2570 absens

61 2608 185 2694 sratl).
230 2606 419 2670 Procurator
440 2627 519 2671 uero
551 2627 655 2688 neque
686 2612 780 2671 certis
813 2609 936 2685 verbis,
967 2627 1071 2689 neque
1102 2614 1259 2690 praesente

60 2706 262 2785 adversario,
285 2708 377 2771 immo
401 2708 589 2790 plerumque
610 2711 776 2793 ignorante
807 2728 844 2773 eo
874 2712 1093 2787 constituitur,
1127 2728 1166 2770 ex
1188 2709 1258 2772 solo

59 2809 223 2884 neudat03
246 2810 434 2891 cuicumque
448 2811 529 2873 enim
542 2813 734 2891 permittitur
756 2830 822 2874 rem
845 2817 982 2874 nostram
1004 2828 1101 2892 agere
1123 2814 1176 2872 aut
1199 2809 1258 2870 de-

59 2909 204 2985 fendere,
225 2909 253 2970 is
277 2916 465 2990 procurator
487 2894 725 2998 intelligunt).

102 3009 296 3094 Cognitores
317 3012 490 3073 novissimo
512 3013 582 3074 iure
604 3030 733 3076 romano
756 3012 835 3072 nulli
856 3011 979 3073 dentur.

100 3109 260 3194 §.10420
285 3109 416 3174 l'utorio
438 3113 564 3175 nomine
585 3119 684 3196 agunt
708 3118 848 3189 tutores,
874 3111 971 3176 veluti
994 3128 1051 3191 pro
1074 3106 1202 3190 pupillis
1225 3108 1259 3168 in

59 3209 190 3275 infautia
212 3213 410 3286 constitutis3
432 3212 560 3275 intentio
583 3215 717 3277 maiores
741 3215 821 3276 enim
843 3214 905 3294 ipsi
929 3231 1028 3295 agere
1045 3214 1179 3293 possunt
1204 3214 1257 3269 tu-

93 3492 121 3560 1)
144 3496 188 3546 Fr.
206 3493 267 3547 125.
286 3497 320 3546 D.
339 3492 382 3559 50,
402 3493 436 3547 17
455 3493 501 3561 (de
519 3513 574 3563 reg.
592 3497 677 3559 iuris).

95 3567 125 3630 3)
144 3568 176 3619 C.
194 3565 220 3618 2.
239 3565 266 3619 8.
285 3567 314 3618 Ο.
332 3564 360 3629 4,
378 3565 413 3619 19
431 3565 480 3633 (de
495 3567 721 3635 probationibus).

94 3637 123 3702 3)
143 3640 208 3704 Arg.
229 3640 261 3689 fr.
280 3637 323 3691 20.
343 3641 375 3691 D.
393 3635 438 3700 44,
458 3638 471 3689 1
496 3637 544 3704 (de
562 3637 787 3708 exceptionibus).

92 3707 124 3775 4)
144 3708 272 3772 Mutia,
300 3707 444 3762 stsiucb
470 3711 518 3762 eea
543 3714 764 3778 Gelasimum,
791 3712 834 3763 ed.
853 3710 1006 3762 norissima.
1027 3708 1052 3768 i.
1073 3706 1131 3758 136.
1159 3706 1257 3767 Linde,

60 3783 160 3833 Lebrb.
183 3780 211 3832 d.
232 3781 403 3833 cess-Prae.
425 3781 504 3833 Bcun
522 3779 600 3834 1843.
621 3801 646 3848 p.
667 3782 728 3834 214.
765 3785 864 3834 ldentio
891 3797 981 3833 caussa
997 3781 1126 3847 proximas
1144 3779 1257 3830 sotionis

59 3855 88 3904 tit
105 3853 135 3906 iu
152 3854 187 3904 fr.
204 3847 248 3903 27.
273 3852 306 3902 D.
323 3848 408 3912 44,t
435 3849 482 3915 (de
499 3859 603 3919 except.
623 3855 661 3906 rei
679 3853 755 3917 iud.)
800 3853 884 3906 Simili
908 3853 1013 3904 ratione
1033 3853 1122 3903 nititur
1141 3858 1257 3896 motit-

59 3931 203 3970 rnsrtottts
216 3926 249 3985 et
270 3931 439 3968 tnrssrtottts
450 3925 478 3974 in
488 3925 602 3991 antiquis
612 3927 746 3977 actionum
762 3926 881 3976 formulis
902 3925 1034 3975 distinctio
1054 3922 1112 3987 (cfr.
1124 3921 1146 3979 5.
1158 3917 1258 3983 1045.)

95 3991 123 4058 5)
144 3995 198 4044 Tit.
217 3989 243 4043 7.
264 3993 330 4044 uod.
348 3993 394 4043 lib.
414 3991 431 4044 3
450 3991 492 4057 (ut
509 4012 587 4047 nemo
606 3997 703 4048 invitus
722 4012 801 4061 agere
820 3997 865 4046 vel
884 4011 1010 4046 accusare
1030 3991 1160 4060 cogatur).

93 4061 123 4129 6)
144 4067 187 4119 Pr.
206 4065 272 4117 Inst.
291 4061 654 4134 tu1utuausparqaoa
675 4083 755 4134 agere
773 4065 935 4134 possumus).

93 4134 122 4198 7)
144 4135 205 4187 eac
224 4132 250 4187 4.
270 4132 294 4194 i·
314 4132 357 4188 82.

93 4203 123 4271 8)
146 4206 207 4256 Gai.
225 4206 262 4256 ib.
286 4204 309 4265 ἓ.
327 4201 370 4257 83.
389 4203 434 4257 86.
451 4202 493 4257 87.
530 4208 591 4258 Vat.
611 4211 679 4277 frag.
698 4209 720 4268 ἓ.
741 4207 801 4261 315.
822 4225 875 4275 seq.
912 4210 1024 4269 Festus,
1041 4219 1107 4256 voce
1126 4207 1259 4270 repetitor.

59 4278 173 4343 Heffter
190 4277 228 4326 ed
250 4275 309 4327 (tat.
329 4293 354 4341 p.
374 4274 417 4328 94.
436 4274 479 4329 95.
516 4277 614 4331 Keller
636 4281 657 4340 ἓ.
678 4278 719 4332 52.

93 4345 123 4412 3)
145 4347 171 4407 5.
191 4347 215 4401 1.
234 4347 299 4401 unt
316 4348 344 4399 b.
362 4353 381 4401 t.
401 4349 460 4415 urg.
479 4347 506 4411 3,
523 4347 540 4399 3
560 4349 609 4416 (de
625 4346 877 4418 procurationibus).
896 4350 972 4400 Paul.
992 4349 1090 4410 recept.
1110 4351 1175 4397 sent.
1195 4345 1216 4395 Ι.
1235 4342 1260 4395 3.

57 4418 248 4475 Procureturie
266 4419 374 4472 nomine
391 4419 471 4484 igitur
492 4421 572 4472 etium
595 4425 728 4489 aguntii,
754 4424 850 4489 qulbus
877 4421 946 4471 actio
966 4418 1077 4471 vendite
1103 4417 1145 4468 vol
1171 4418 1261 4484 legate

58 4496 107 4544 est
146 4489 179 4541 Y.
200 4505 282 4558 sum
300 4487 343 4550 41.
359 4488 420 4544 693.
440 4487 501 4544 885.
