2798 4972
453 326 654 364 lnsrtrutlom
674 326 748 366 lutus
770 326 872 364 nentur
893 327 1013 365 estvm.

797 453 804 483 t

668 492 739 591 cn..
752 492 794 556 rr.

270 680 338 732 TIT.
358 678 499 732 bulcus,
536 680 585 730 Du
606 679 842 733 nurfluuuusl
858 680 908 732 ΕΤ
926 681 1135 736 SUPERFICIE
1152 681 1181 750 ¹).

171 812 287 896 §.444
332 811 403 874 Iuro
429 813 460 872 in
484 829 520 872 re
543 811 750 874 servitutibus
763 811 874 874 similia
891 818 965 874 sunt
987 814 1201 897 emphyteusis
1223 820 1255 878 ct
1276 833 1334 878 su-

127 913 286 995 perficies.

171 1014 251 1077 Iuris
284 1013 507 1094 emphyteutici
536 1012 629 1095 origo
654 1030 693 1074 ex
722 1013 823 1075 veteri
852 1015 922 1076 iure
955 1032 1105 1098 agrorum
1128 1015 1332 1098 vectigalium

128 1114 300 1198 repetendo
322 1115 422 1200 est2).
476 1113 556 1195 Agri
582 1112 757 1195 vectigales
789 1112 861 1176 olim
889 1115 1083 1177 vocebentur
1107 1114 1194 1178 iundi
1217 1116 1333 1179 civita-

128 1225 192 1280 tum
215 1215 267 1277 vel
292 1214 496 1294 temptorum,
530 1214 584 1297 qui
609 1215 640 1274 in
674 1219 860 1295 perpetuum
885 1213 1069 1277 iocabuntur
1092 1217 1113 1277 i.
1134 1235 1162 1278 e.
1188 1234 1225 1278 ee
1247 1215 1332 1299 lege,

127 1325 173 1395 ut,
198 1314 344 1397 quamdiu
367 1332 425 1395 pro
447 1313 510 1375 iilis
530 1314 668 1397 vectigal
692 1315 895 1395 penderetur,
919 1315 1034 1377 tamdiu
1056 1334 1162 1397 neque
1178 1317 1256 1398 ipsis
1280 1317 1333 1396 qui

128 1417 347 1490 conduxerint,
370 1432 473 1495 neque
497 1416 559 1492 his,
584 1417 684 1496 quiin
707 1416 810 1478 locum
833 1434 941 1479 eorum
955 1419 1182 1494 successerint,
1205 1417 1332 1480 auterre

128 1534 183 1581 eos
207 1515 372 1602 hoereti).
417 1515 476 1589 Qui
500 1517 540 1578 ito
563 1518 594 1578 in
618 1523 802 1597 perpetuum
825 1517 954 1580 iundum
977 1518 1143 1581 fruendum
1165 1518 1332 1581 conduxe-

127 1623 233 1680 ranto
259 1616 478 1697 municipibus,
502 1616 618 1679 domini
643 1635 705 1680 non
722 1617 949 1696 efficiebantur,
972 1619 1028 1682 sed
1041 1624 1217 1702 receptum,
1239 1624 1275 1679 ut
1287 1620 1331 1681 eis

126 1721 159 1780 in
181 1736 245 1781 rem
271 1719 353 1779 ectio
376 1724 570 1798 competeret
591 1718 745 1781 adversus
774 1721 916 1799 quemvis
946 1736 1187 1800 possessorem,
1218 1725 1251 1782 et
1273 1718 1331 1783 ud-

127 1835 242 1880 versus
264 1818 350 1899 ipsos
375 1819 565 1898 municipes3
596 1819 637 1879 ita
661 1818 783 1882 scilicet
804 1819 831 1881 si
854 1820 992 1902 vectigal
1015 1820 1179 1883 solverent
1188 1819 1230 1906 ⁴).
1274 1817 1332 1880 Vi-

128 1919 260 1981 debatur
282 1919 382 2001 igitur
403 1918 531 1999 aliquod
554 1918 715 1981 iuniore
739 1919 874 1997 bebere,
911 1921 963 2001 qui
988 1921 1117 1984 fundum
1141 1920 1330 2003 vectigalem

126 2020 324 2083 conduxerat
336 2021 376 2107 ὅ).
399 2019 473 2082 Mox
495 2026 526 2081 et
548 2022 664 2102 privati
686 2038 782 2103 agros
806 2021 981 2103 vectigales
1003 2020 1153 2084 colendos
1177 2021 1254 2083 dare
1276 2038 1332 2083 so-

127 2120 244 2183 lebant.
289 2120 386 2184 Simili
412 2119 503 2184 modo
527 2121 735 2202 imperotores
758 2121 854 2203 longe
879 2127 988 2202 posteo
1017 2123 1109 2184 etiem
1135 2121 1251 2185 fundos
1273 2139 1331 2202 pu-

126 2221 320 2284 trimonioies
341 2238 417 2284 suos
440 2223 572 2284 maxime
593 2222 730 2284 incultos
759 2224 791 2283 in
819 2227 1006 2303 perpetuum
1037 2221 1145 2285 locere
1174 2223 1330 2299 solebant,

127 2322 321 2386 vocabantur
345 2321 418 2382 inde
447 2323 672 2402 emphyteutici
696 2321 1046 2411 veiemphytcuticorii
1078 2340 1095 2383 e
1118 2341 1198 2385 voce
1226 2345 1330 2407 εμφυ-

125 2423 261 2508 τευεινθ)
284 2423 466 2508 (seminare,
491 2422 659 2509 plantare).
712 2422 819 2485 Totum
850 2427 953 2484 nutem
983 2423 1032 2484 ius
1063 2424 1330 2504 emphyteuticum

128 2524 303 2604 principum
329 2521 606 2584 constitutionibus
630 2528 697 2585 erat
718 2522 902 2585 ordinatum.

170 2624 361 2685 iustinianus
385 2623 434 2683 ius
457 2624 489 2684 in
513 2641 591 2705 egro
616 2623 766 2707 vectigali
788 2628 819 2686 et
841 2623 1155 2705 emphyteuticarium
1179 2625 1212 2685 in
1236 2641 1329 2688 unum

127 2723 278 2787 conflavit
299 2728 393 2803 atque
418 2723 569 2801 confudit,
595 2730 626 2786 et
649 2723 784 2787 Zenonis
807 2726 1083 2801 constitutionem,
1117 2727 1171 2805 qui
1195 2724 1330 2807 emphy-

125 2825 276 2902 teuticum
301 2824 350 2884 ius
374 2824 531 2904 propriam
563 2825 799 2906 conceptionem
829 2842 900 2886 esse
921 2824 1085 2901 volueret,
1115 2824 1222 2888 denuo
1243 2840 1329 2888 com-

124 2922 320 3008 probaviti).
1247 2914 1251 2929 ‘

167 3024 284 3107 5455.
328 3022 386 3084 Est
408 3026 507 3106 igitur
528 3025 577 3087 ius
605 3025 848 3107 emphyteuseos
871 3027 920 3087 ius
944 3029 975 3088 in
999 3024 1095 3088 iundo
1114 3025 1245 3102 alieno,
1268 3041 1328 3104 quo

126 3124 184 3186 sub
207 3123 282 3206 lege
304 3140 416 3186 onnuae
439 3127 600 3206 pensionis
624 3125 804 3209 plenissima
830 3127 955 3190 fruendi
970 3132 1002 3189 et
1023 3125 1062 3188 de
1085 3143 1123 3189 eo
1138 3124 1329 3207 disponendi

125 3275 322 3288 ———

163 3359 192 3428 1)
211 3364 253 3415 De
272 3368 365 3484 {pipo
389 3363 525 3431 utriusque
545 3362 609 3415 iuris
630 3363 780 3415 discrimine
799 3363 901 3431 scripsit
919 3382 942 3417 n.
961 3367 1118 3428 Boettote,
1147 3363 1328 3420 Athanatum·

142 3451 176 3486 en
223 3451 253 3486 ro
350 3472 356 3484 .

122 3452 141 3501 9
161 3471 189 3571 2')
204 3452 241 3557 Ι1).
261 3504 286 3569 6,
306 3503 332 3557 3.
352 3503 394 3569 (si
413 3519 477 3570 ager
496 3502 633 3570 vectigalis
651 3505 669 3555 i.
679 3520 702 3557 e.
722 3504 976 3572 emphyteuticarios
993 3503 1119 3573 petetur).
1138 3505 1167 3559 O.
1178 3503 1207 3568 4,
1230 3505 1265 3559 66
1285 3502 1331 3573 (de
1389 3512 1391 3519 '

127 3576 186 3628 iure
206 3573 424 3644 emphyteutico).
444 3577 473 3628 O.
493 3577 542 3626 Th.
564 3578 598 3626 D.
618 3574 659 3628 13.
698 3574 809 3643 Moynn,
834 3575 985 3640 Elementa,
1005 3578 1026 3627 Ι.
1045 3576 1068 3636 ἓ.
1087 3573 1241 3630 234-238.

160 3645 189 3712 3)
206 3649 249 3698 Fr.
267 3649 292 3701 1.
310 3666 349 3714 pr.
370 3644 401 3698 D.
421 3648 447 3697 h.
466 3653 484 3697 t.
505 3646 564 3699 Gai.
583 3646 608 3698 3.
629 3647 651 3706 ἓ.
672 3644 731 3698 145.

159 3716 188 3783 4)
208 3719 250 3770 Fr.
272 3719 297 3770 1.
318 3720 340 3777 ἓ.
360 3719 385 3770 2.
405 3721 436 3770 ir.
455 3716 480 3770 2.
503 3715 532 3770 i).
554 3719 615 3771 eod.
651 3719 739 3769 Etiam
760 3717 830 3768 cedes
848 3717 996 3784 vectigales
1015 3734 1074 3770 esse
1092 3717 1227 3785 poterent
1244 3721 1277 3771 ir.
1289 3714 1330 3770 15.

126 3786 150 3847 ἓ.
169 3788 212 3842 26.
234 3787 264 3840 Ι).
284 3789 328 3852 39,
349 3790 365 3842 2
386 3787 433 3853 (de
455 3791 553 3842 damno
571 3788 690 3854 iniecto).
727 3789 885 3840 Vocabatur
902 3788 970 3841 ectio
989 3790 1070 3840 etiem
1087 3789 1238 3857 vectigalis.

161 3858 189 3925 5)
210 3863 253 3913 Fr.
273 3858 316 3912 71.
337 3861 360 3920 ἓ.
381 3859 405 3911 5.
428 3858 457 3911 D.
477 3859 512 3912 50
532 3856 739 3928 (delegati).
783 3859 941 3911 Idemiuris
960 3866 1033 3923 erat,
1065 3866 1091 3911 et
1119 3861 1142 3912 ei
1168 3861 1206 3912 ed
1226 3867 1331 3928 tempus

124 3932 282 3985 habuissent
300 3932 470 3994 conductum,
489 3949 539 3983 nec
559 3938 663 3998 tempus
683 3930 866 3982 conductionis
884 3931 987 3981 finitum
1006 3937 1071 3983 eret.
1089 3934 1121 3983 fr.
1138 3930 1164 3984 3.
1187 3928 1219 3983 D.
1240 3933 1304 3984 nt

160 4002 188 4068 6)
207 4007 296 4055 Primo
316 4003 412 4054 mentio
435 4004 499 4054 iuris
519 4003 706 4070 emphyteutici
725 4006 813 4053 exstet
829 4001 858 4050 in
875 4003 906 4052 tr.
925 3999 950 4051 3.
970 4001 992 4060 ἓ.
1011 3999 1037 4053 4.
1059 3999 1087 4052 Ρ.
1106 3997 1151 4066 27,
1171 4001 1196 4054 3.
1216 4004 1264 4054 ubi
1282 4019 1328 4054 vo·

126 4080 200 4126 cetur
218 4077 259 4127 ius
270 4077 470 4142 optaturum·
490 4077 590 4124 occurit
604 4074 702 4125 deinde
714 4073 742 4123 in
762 4075 844 4123 const.
855 4070 898 4122 11.
917 4069 1041 4134 c.11,58
1061 4089 1132 4124 anno
1144 4071 1200 4126 285
1218 4075 1330 4126 emisse:

124 4148 187 4197 item
208 4149 235 4197 in
256 4164 278 4199 c.
297 4145 340 4199 13.
360 4146 389 4197 O.
409 4142 436 4208 7,
456 4143 498 4196 51.
542 4145 598 4197 Sed
620 4146 762 4211 pracsertim
786 4144 814 4192 in
832 4142 899 4227 (iod.
918 4143 1021 4194 Tbeed.
1043 4146 1065 4195 Ι
1083 4162 1109 4194 r.
1128 4151 1146 4196 t.
1166 4143 1219 4209 13,
1237 4159 1331 4196 recens

124 4213 1330 4355 “tt‘ttthtititiiiiidtdtittttit'iittdi·datii·{th

126 4365 264 4412 contractu
282 4359 494 4426 emphyteutico:
514 4358 627 4409 Zenonis
648 4355 809 4407 decisionem
832 4370 910 4421 super
927 4356 980 4407 hoo
999 4356 1027 4407 in
1045 4375 1068 4409 e.
1082 4356 1107 4408 1.
1127 4357 1158 4408 0.
1168 4355 1195 4410 4.
1209 4356 1253 4410 66.
1273 4358 1330 4409 Ius·

123 4431 240 4484 tinienus
266 4431 304 4481 nd
331 4444 426 4497 agrurn
448 4429 607 4494 vectigalem
631 4427 753 4478 hoduxit
772 4423 807 4492 (ἓ.
826 4423 892 4476 3.1.
910 4423 937 4488 3,
957 4423 1004 4492 24)
1031 4429 1150 4497 ideoque
1175 4443 1234 4496 ugr.
1261 4433 1328 4482 rect

125 4502 391 4569 emphyteuticarium
409 4501 540 4567 appellari
558 4499 644 4552 uoluit
661 4499 690 4548 in
710 4498 782 4548 rubr.
803 4493 833 4545 D.
853 4495 879 4560 6,
897 4495 914 4548 3
932 4494 971 4563 (h.
984 4492 1024 4562 t).
