2804 4966
94 290 129 347 22
414 297 614 339 rssrrrorrcns
632 299 708 340 runis
727 298 830 339 nourr
851 301 971 341 rnrvnrr.

135 431 228 514 §.lb
278 428 424 491 Ceterum
455 430 537 490 intra
567 428 628 491 boe
657 433 780 511 tempos
812 430 912 493 ultimi
944 433 1056 494 vixere
1080 433 1306 499 Romanorum

94 529 329 606 Iurisconsulti,
351 529 405 610 qui
427 529 466 592 de
489 531 559 591 inre
581 531 789 610 scripserunt,
813 533 998 613 intorques
1022 532 1306 618 Hermogenianns

95 631 220 696 Codicis
242 630 327 693 illius
349 630 482 693 fortasse
508 636 540 692 et
562 632 713 711 epitomes
734 632 812 693 iuris
828 631 932 694 civilis
955 639 1074 695 auctor.
1119 636 1307 717 Supersunt

96 748 224 814 quoque
246 749 286 792 ex
306 730 355 792 his
375 729 568 810 temporibus
590 747 707 810 opera,
740 732 856 811 quibus
880 715 1048 815 congeries
1069 739 1196 798 veteris
1211 739 1306 801 ‘iuris

95 834 342 917 fragmentorum
365 833 546 894 continetur
555 832 594 918 ²).

136 933 231 1020 §.72
275 931 398 994 Interea
423 928 637 994 memorabilia
658 930 713 994 illa
743 931 808 994 'iata
839 935 1080 995 intervenerunt
1103 936 1305 1018 populorum

96 1036 333 1121 migrationum‚
367 1038 398 1095 et
422 1031 563 1095 barbarae
592 1039 705 1116 gentes
733 1035 865 1096 maxime
889 1035 1077 1117 germanice
1088 1080 1099 1115 ‚
1133 1039 1167 1098 in
1190 1037 1305 1100 orbem

94 1155 255 1203 romanum
278 1137 450 1208 irruentes,
473 1135 596 1213 imperii
623 1134 778 1197 excidium
800 1134 1025 1215 perficiebant3
1048 1138 1152 1213 ouius,
1179 1137 1215 1199 in
1241 1138 1305 1202 duo

96 1247 160 1302 tum
181 1236 331 1317 temporis
353 1251 452 1315 regna
475 1234 582 1310 divisi,
603 1253 675 1316 pars
697 1235 859 1298 orientalis
890 1240 1008 1298 tantum
1040 1236 1099 1297 sub
1121 1237 1305 1318 imperato·

95 1341 183 1403 ribus
206 1335 349 1416 Byzantii
371 1335 579 1416 regnantibus
603 1338 765 1398 remansit.
803 1336 903 1399 -luris
928 1342 1030 1399 autem
1051 1339 1173 1399 romani
1197 1344 1304 1401 status

98 1443 162 1497 turn
186 1436 256 1512 hic,
280 1441 344 1496 tum
363 1435 394 1495 in
419 1436 529 1516 regnis
546 1435 800 1498 aGermanorum
815 1436 1009 1516 principibus
1021 1438 1053 1498 in
1075 1453 1209 1498 romano
1234 1438 1303 1501 solo

98 1536 252 1613 conditis,
283 1535 477 1597 miserrimus
510 1534 630 1611 lactus3
662 1553 732 1599 oum
757 1536 875 1616 ubique
895 1537 1014 1599 diversi
1037 1554 1140 1599 mores
1165 1538 1304 1600 Germa-

97 1654 208 1700 norum
231 1637 284 1700 vel
297 1636 487 1713 drocarum,
510 1639 679 1721 peregrina
694 1638 800 1720 lingua
816 1638 1054 1718 barbariesqne,
1077 1638 1158 1700 iuris
1179 1640 1304 1703 romani

96 1737 237 1800 scientiae
257 1737 514 1800 adversarentur.

109 1836 232 1919 ‚§.73.
275 1835 368 1917 Apud
395 1836 565 1910 Germanos
589 1852 646 1917 pro
670 1835 804 1897 subditis
834 1836 961 1898 natione
983 1836 1129 1899 Romanis
1160 1840 1214 1902 ius
1248 1858 1304 1905 ro-

98 1954 220 2026 manum
242 1956 259 1999 a
282 1937 413 2021 regibus
435 1954 543 2000 eorum
564 1943 743 2013 servatum,
773 1937 917 2017 adeoque
940 1936 1046 2020 legum
1070 1939 1219 2018 iurisque
1248 1960 1305 2005 oo-

100 2037 223 2101 dicibus
246 2038 434 2101 custoditum
458 2044 523 2114 est,
550 2037 648 2100 veluti
664 2037 739 2120 lege
751 2055 875 2100 romana
888 2038 1148 2121 wisigothorum,
1174 2042 1306 2104 nomino

96 2138 252 2202 Breviarii
261 2138 381 2201 Alarici
396 2138 585 2201 abodiernis
608 2139 769 2220 insignita,
794 2163 822 2202 a.
843 2163 894 2202 nvr
916 2158 946 2220 p.
966 2139 1033 2215 Cb„
1057 2141 1131 2202 item
1145 2138 1305 2224 Burgun-

98 2239 236 2316 dionum,
255 2259 283 2302 a.
296 2263 393 2318 nxvn,
415 2240 494 2301 etin
511 2239 1071 2323 ltalia'lheodoriciOstrogotborum
1091 2241 1181 2323 regis
1210 2243 1305 2307 edic·

98 2344 172 2401 tum.
217 2338 366 2420 Epitomae
390 2340 423 2401 in
445 2341 494 2402 bis
516 2338 605 2402 iactae
627 2346 702 2402 sunt
722 2359 763 2401 ex
776 2340 962 2420 quibusdam
984 2358 1184 2404 romanorum
1200 2344 1304 2408 iuris-

99 2439 315 2503 consultorum
343 2441 434 2503 libris
465 2447 497 2503 et
525 2459 565 2503 ex
596 2444 851 2505 constitutionum
874 2430 1061 2519 codicibus,
1091 2443 1228 2506 maxime
1263 2463 1303 2508 ex

101 2540 331 2604 theodosiano.
375 2541 442 2604 Lex
462 2559 589 2604 romana
611 2541 860 2624 wisigothorum
882 2544 965 2605 inter
981 2543 1037 2604 has
1064 2542 1161 2625 longe
1185 2546 1302 2625 copio-

98 2642 231 2717 sissima,
258 2647 289 2704 et
305 2641 407 2719 nobis,
430 2645 592 2706 maximam
604 2649 724 2723 partem
746 2649 921 2724 superstes,
944 2643 1118 2724 praesertim
1139 2662 1302 2710 memora-

100 2740 172 2804 bilis
195 2742 291 2832 esst).
335 2742 368 2804 ln
383 2743 452 2806 aliis
475 2745 596 2828 regnis,
622 2745 675 2806 ubi
698 2746 816 2807 romoni
832 2745 910 2834 iuris
925 2761 1002 2805 usus
1017 2749 1095 2820 erat,
1120 2745 1165 2808 nil
1179 2748 1298 2827 scripti

101 2841 202 2906 daeo
226 2845 428 2906 constitutum
452 2851 511 2907 est.
555 2844 686 2908 Barbari
709 2846 782 2929 lege
804 2844 936 2908 barbara
959 2844 1159 2932 vivebanrt).

143 2943 236 3026 §.74
281 2943 331 3005 Uti
353 2942 433 3024 apud
459 2945 643 3024 Germanos,
663 2946 709 3008 sic
731 2947 821 3008 etiam
847 2947 880 3008 in
904 2945 1050 3008 orientali
1074 2943 1227 3026 imperio,'
1248 2949 1302 3009 in-'

101 3047 190 3105 certo
211 3048 243 3105 ot
264 3043 412 3127 ambiguo
437 3045 519 3108 sacto
541 3046 631 3122 iure,
662 3063 769 3109 rerum
800 3046 955 3110 eiusmodi
985 3045 1180 3126 perturbatio
1203 3030 1301 3126 eausa

101 3219 298 3229 ——-

100 3347 155 3385 non
186 3331 303 3401 perfecit
349 3331 484 3398 Optimam
515 3332 619 3387 auserit
640 3331 748 3391 codicis
774 3331 959 3385 Theodosiani
989 3331 1132 3383 aditionem
1160 3329 1304 3385 omrem

102 3405 211 3457 Παπαῖ.
249 3401 441 3472 Βοωιωναριίᾱ
459 3403 512 3455 Ad.
531 3404 659 3455 Marcum.
681 3400 757 3456 1842.
781 3403 794 3455 l
815 3401 926 3467 v01.4;
952 3418 1010 3472 quas
1030 3418 1094 3470 pars
1114 3405 1155 3454 ost
1175 3402 1304 3471 corporis

102 3476 167 3529 iuris
188 3473 401 3526 Anteiustlnisnl·

138 3545 166 3612 1)
185 3546 258 3598 Inter
276 3546 332 3597 hose
354 3560 435 3612 opera
452 3545 505 3595 hoo
521 3546 755 3611 leocpreoetsris
773 3544 1009 3598 commemorande
1026 3548 1087 3596 sunt
1107 3539 1133 3608 1)
1154 3552 1304 3606 vaurensi,

107 3633 164 3688 quae
186 3622 324 3680 vocentur,
343 3623 501 3663 rustum
522 3617 612 3667 Romae
631 3616 788 3685 ab‘Aragelo
800 3616 876 3669 Maio
897 3616 1004 3669 detecta
1028 3617 1062 3666 ab
1082 3629 1168 3682 acqua
1185 3617 1304 3682 primum

105 3691 216 3758 vulgata
241 3703 311 3738 anno
332 3683 415 3751 18233
441 3684 469 3752 2)
496 3693 546 3734 m
564 3696 609 3732 ott
637 3687 692 3739 sira
717 3689 897 3740 Mosaicsrum
922 3692 949 3740 et
974 3689 1156 3740 Romanarum
1182 3687 1304 3750 collatio,

104 3757 174 3814 1574
190 3761 304 3827 primum
323 3759 411 3822 adita3
440 3755 467 3824 3)
496 3767 675 3805 consunrrnro
700 3761 755 3812 sive
776 3767 1005 3833 consonrrrropss
1025 3765 1137 3805 varnars
1165 3766 1303 3806 cnrosnnr

83 3837 309 3891 attulstottttlssl
330 3827 399 3882 1563
417 3831 529 3897 primum
548 3832 704 3896 publicato:
723 3848 780 3899 quae
799 3830 889 3882 omnia
908 3847 967 3882 oum
987 3830 1097 3899 reliquis
1115 3828 1178 3879 iuris
1198 3831 1304 3882 antaiu-

104 3903 227 3956 stinianei
250 3901 366 3970 reliquiis
390 3902 557 3954 eontinentur
576 3903 604 3954 in
630 3911 750 3949 conrona
772 3911 846 3950 roais
865 3910 968 3948 nonunt
989 3907 1220 3962 unsarosrrrrnnr,
1240 3917 1304 3953 oon-

105 3976 164 4027 silio
183 3974 363 4040 professorum
376 3973 552 4025 Bonnensium
571 3974 688 4024 instituto
709 3979 736 4026 et
750 3974 958 4025 communiente
970 3973 1086 4039 plurima
1104 3971 1227 4024 ICtorum
1238 3972 1304 4024 Ger-

105 4047 201 4098 maniae
218 4043 291 4095 edito
311 4044 384 4110 apud
406 4045 458 4094 Ad·
481 4045 599 4096 Marcum
621 4048 697 4097 annis
716 4041 901 4098 1841-1842.

101 4143 104 4149 .
139 4115 167 4182 2)
188 4114 310 4168 Continet
330 4125 379 4161 uss
398 4123 508 4161 nomana
527 4125 736 4163 wrsrsornonus
763 4120 857 4184 pretor
881 4114 989 4167 Codicis
1007 4111 1188 4167 Theodosiani
1215 4115 1304 4165 maxi-

104 4204 176 4240 mam
193 4191 303 4254 portem,
323 4192 349 4240 et
369 4187 496 4238 Novellas
516 4188 661 4239 Theodosii
679 4189 844 4256 aliorumque
860 4188 1058 4253 imperatorum,
1077 4200 1128 4237 nee
1146 4199 1201 4235 non
1220 4183 1304 4236 codi-

105 4259 143 4311 cis
164 4258 320 4324 Gregorisni
345 4263 372 4309 at
389 4257 598 4323 Hermogeniani
616 4259 794 4324 Fragmenta,
821 4259 957 4311 mutilatas
982 4259 1043 4309 Gaii
1061 4255 1244 4309 Institutiones
1277 4261 1305 4307 et

104 4331 182 4383 Pauli
189 4333 311 4396 receptas
321 4331 471 4382 sententias.
491 4330 604 4396 Egregia
613 4331 689 4381 illam
701 4331 785 4382 edidit
797 4330 934 4384 (iactasse
948 4327 1058 4392 Haereat,
1071 4328 1143 4393 Lips.
1157 4321 1237 4377 1848.
1251 4328 1304 4378 fal·

142 4399 171 4461 3)
190 4401 255 4452 Haeo
275 4401 371 4466 optima
382 4398 518 4465 exposita
542 4401 571 4452 iu
588 4418 611 4454 o.
630 4401 768 4470 Socim.-
797 4401 956 4455 Gsrcbt'ebts
975 4402 1023 4454 der
1042 4399 1121 4454 Rom.
1141 4397 1247 4452 Rsebtr
1266 4402 1306 4452 im

68 4470 74 4479 ’
110 4469 285 4528 wtntobm·
307 4469 443 4529 Teos-11·
828 4503 831 4511 ·
1257 4520 1260 4522 ,
