<?xml version="1.0" encoding="UTF-8"?>
<!DOCTYPE html PUBLIC "-//W3C//DTD XHTML 1.0 Transitional//EN"
    "http://www.w3.org/TR/xhtml1/DTD/xhtml1-transitional.dtd">
<html xmlns="http://www.w3.org/1999/xhtml" xml:lang="en" lang="en">
 <head>
  <title>
</title>
<meta http-equiv="Content-Type" content="text/html;charset=utf-8" />
  <meta name='ocr-system' content='tesseract 3.04.00' />
  <meta name='ocr-capabilities' content='ocr_page ocr_carea ocr_par ocr_line ocrx_word'/>
</head>
<body>
  <div class='ocr_page' id='page_1' title='image "./institutionesiu00warngoog_0185.png"; bbox 0 0 2798 4972; ppageno 0'>
   <div class='ocr_carea' id='block_1_1' title="bbox 116 270 989 325">
    <p class='ocr_par' dir='ltr' id='par_1_1' title="bbox 116 270 989 325">
     <span class='ocr_line' id='line_1_1' title="bbox 116 270 989 325; baseline 0 -9"><span class='ocrx_word' id='word_1_1' title='bbox 116 270 170 325; x_wconf 77' lang='grc'><strong>168</strong></span> <span class='ocrx_word' id='word_1_2' title='bbox 433 278 633 316; x_wconf 72' lang='lat' dir='ltr'><strong>transumens</strong></span> <span class='ocrx_word' id='word_1_3' title='bbox 652 278 726 317; x_wconf 79' lang='lat' dir='ltr'><strong>tumr</strong></span> <span class='ocrx_word' id='word_1_4' title='bbox 744 279 848 316; x_wconf 73' lang='lat' dir='ltr'><strong>nonar</strong></span> <span class='ocrx_word' id='word_1_5' title='bbox 868 275 989 317; x_wconf 75' lang='lat' dir='ltr'><strong>rnrrart.</strong></span> 
     </span>
    </p>
   </div>
   <div class='ocr_carea' id='block_1_2' title="bbox 114 398 1327 2697">
    <p class='ocr_par' dir='ltr' id='par_1_2' title="bbox 114 398 1326 875">
     <span class='ocr_line' id='line_1_2' title="bbox 115 398 1326 494; baseline 0.004 -23"><span class='ocrx_word' id='word_1_6' title='bbox 115 398 251 471; x_wconf 77' lang='lat' dir='ltr'><strong>saucivit</strong></span> <span class='ocrx_word' id='word_1_7' title='bbox 263 407 301 491; x_wconf 83' lang='lat'><strong>¹).</strong></span> <span class='ocrx_word' id='word_1_8' title='bbox 346 406 426 468; x_wconf 83' lang='lat' dir='ltr'>Dein</span> <span class='ocrx_word' id='word_1_9' title='bbox 450 425 532 469; x_wconf 81' lang='lat' dir='ltr'><strong>nora</strong></span> <span class='ocrx_word' id='word_1_10' title='bbox 560 409 787 471; x_wconf 83' lang='lat' dir='ltr'><strong>constitutione</strong></span> <span class='ocrx_word' id='word_1_11' title='bbox 810 407 904 494; x_wconf 80' lang='lat' dir='ltr'><strong>(h&#39;ov.</strong></span> <span class='ocrx_word' id='word_1_12' title='bbox 924 406 1040 493; x_wconf 81' lang='lat' dir='ltr'><strong>Xl&#39;lll)</strong></span> <span class='ocrx_word' id='word_1_13' title='bbox 1064 409 1221 494; x_wconf 79' lang='lat' dir='ltr'><strong>legitimae</strong></span> <span class='ocrx_word' id='word_1_14' title='bbox 1244 431 1326 494; x_wconf 91' lang='lat' dir='ltr'><strong>por-</strong></span> 
     </span>
     <span class='ocr_line' id='line_1_3' title="bbox 114 509 1323 593; baseline 0.001 -21"><span class='ocrx_word' id='word_1_15' title='bbox 114 511 208 572; x_wconf 90' lang='lat' dir='ltr'><strong>tionis</strong></span> <span class='ocrx_word' id='word_1_16' title='bbox 229 511 432 588; x_wconf 73' lang='lat' dir='ltr'><strong>quantitatem</strong></span> <span class='ocrx_word' id='word_1_17' title='bbox 455 512 552 584; x_wconf 82' lang='lat' dir='ltr'><strong>auxit,</strong></span> <span class='ocrx_word' id='word_1_18' title='bbox 576 511 618 571; x_wconf 91' lang='lat' dir='ltr'><strong>ita</strong></span> <span class='ocrx_word' id='word_1_19' title='bbox 644 509 782 589; x_wconf 89' lang='lat' dir='ltr'><strong>quidem,</strong></span> <span class='ocrx_word' id='word_1_20' title='bbox 805 515 838 569; x_wconf 91' lang='lat' dir='ltr'><strong>ut</strong></span> <span class='ocrx_word' id='word_1_21' title='bbox 860 510 1059 589; x_wconf 81' lang='lat' dir='ltr'><strong>preciperet,</strong></span> <span class='ocrx_word' id='word_1_22' title='bbox 1080 531 1150 574; x_wconf 92' lang='lat' dir='ltr'><strong>eam</strong></span> <span class='ocrx_word' id='word_1_23' title='bbox 1173 531 1235 593; x_wconf 90' lang='lat' dir='ltr'><strong>pro</strong></span> <span class='ocrx_word' id='word_1_24' title='bbox 1257 531 1323 574; x_wconf 90' lang='lat' dir='ltr'><strong>uu-</strong></span> 
     </span>
     <span class='ocr_line' id='line_1_4' title="bbox 115 595 1323 692; baseline 0.002 -20"><span class='ocrx_word' id='word_1_25' title='bbox 115 629 203 672; x_wconf 89' lang='lat' dir='ltr'><strong>mero</strong></span> <span class='ocrx_word' id='word_1_26' title='bbox 216 609 426 692; x_wconf 88' lang='lat' dir='ltr'><strong>legitimorum</strong></span> <span class='ocrx_word' id='word_1_27' title='bbox 445 608 608 685; x_wconf 91' lang='lat' dir='ltr'><strong>heredum,</strong></span> <span class='ocrx_word' id='word_1_28' title='bbox 629 609 667 671; x_wconf 91' lang='lat' dir='ltr'><strong>ad</strong></span> <span class='ocrx_word' id='word_1_29' title='bbox 684 609 891 672; x_wconf 82' lang='lat' dir='ltr'><strong>hereditatem</strong></span> <span class='ocrx_word' id='word_1_30' title='bbox 904 610 943 671; x_wconf 90' lang='lat' dir='ltr'><strong>ab</strong></span> <span class='ocrx_word' id='word_1_31' title='bbox 956 613 1105 676; x_wconf 91' lang='lat' dir='ltr'><strong>intestato</strong></span> <span class='ocrx_word' id='word_1_32' title='bbox 1120 595 1323 688; x_wconf 79' lang='lat' dir='ltr'><strong>vocatorum,</strong></span> 
     </span>
     <span class='ocr_line' id='line_1_5' title="bbox 115 709 1324 793; baseline 0.003 -22"><span class='ocrx_word' id='word_1_33' title='bbox 115 711 168 774; x_wconf 85' lang='lat' dir='ltr'><strong>vel</strong></span> <span class='ocrx_word' id='word_1_34' title='bbox 197 713 319 772; x_wconf 87' lang='lat' dir='ltr'><strong>tertiam</strong></span> <span class='ocrx_word' id='word_1_35' title='bbox 347 709 399 772; x_wconf 81' lang='lat' dir='ltr'><strong>rel</strong></span> <span class='ocrx_word' id='word_1_36' title='bbox 429 709 585 772; x_wconf 87' lang='lat' dir='ltr'><strong>dimidiam</strong></span> <span class='ocrx_word' id='word_1_37' title='bbox 615 710 766 792; x_wconf 71' lang='lat' dir='ltr'><strong>legitimae</strong></span> <span class='ocrx_word' id='word_1_38' title='bbox 795 710 980 772; x_wconf 78' lang='lat' dir='ltr'><strong>hereditatis</strong></span> <span class='ocrx_word' id='word_1_39' title='bbox 1009 715 1168 792; x_wconf 89' lang='lat' dir='ltr'><strong>portionis</strong></span> <span class='ocrx_word' id='word_1_40' title='bbox 1198 719 1324 793; x_wconf 90' lang='lat' dir='ltr'><strong>partem</strong></span> 
     </span>
     <span class='ocr_line' id='line_1_6' title="bbox 116 811 348 875; baseline -0.017 0"><span class='ocrx_word' id='word_1_41' title='bbox 116 829 189 875; x_wconf 90' lang='lat' dir='ltr'><strong>esse</strong></span> <span class='ocrx_word' id='word_1_42' title='bbox 218 811 348 873; x_wconf 89' lang='lat' dir='ltr'><strong>debere.</strong></span> 
     </span>
    </p>

    <p class='ocr_par' dir='ltr' id='par_1_3' title="bbox 114 911 1326 2177">
     <span class='ocr_line' id='line_1_7' title="bbox 156 911 1324 994; baseline -0.005 -15"><span class='ocrx_word' id='word_1_43' title='bbox 156 912 272 994; x_wconf 68' lang='lat'>§.592</span> <span class='ocrx_word' id='word_1_44' title='bbox 315 912 462 992; x_wconf 87' lang='lat' dir='ltr'><strong>Denique</strong></span> <span class='ocrx_word' id='word_1_45' title='bbox 485 914 517 973; x_wconf 93' lang='lat' dir='ltr'><strong>in</strong></span> <span class='ocrx_word' id='word_1_46' title='bbox 546 911 628 973; x_wconf 77' lang='lat' dir='ltr'><strong>Nor.</strong></span> <span class='ocrx_word' id='word_1_47' title='bbox 651 911 732 972; x_wconf 75' lang='lat' dir='ltr'><strong>cxv</strong></span> <span class='ocrx_word' id='word_1_48' title='bbox 762 911 897 991; x_wconf 91' lang='lat' dir='ltr'><strong>plurima</strong></span> <span class='ocrx_word' id='word_1_49' title='bbox 925 913 1088 973; x_wconf 77' lang='lat' dir='ltr'><strong>innovavit</strong></span> <span class='ocrx_word' id='word_1_50' title='bbox 1116 913 1156 975; x_wconf 87' lang='lat' dir='ltr'><strong>ad</strong></span> <span class='ocrx_word' id='word_1_51' title='bbox 1186 914 1324 976; x_wconf 86' lang='lat' dir='ltr'><strong>liberam</strong></span> 
     </span>
     <span class='ocr_line' id='line_1_8' title="bbox 115 1011 1323 1093; baseline 0 -18"><span class='ocrx_word' id='word_1_52' title='bbox 115 1013 329 1075; x_wconf 83' lang='lat' dir='ltr'><strong>exheredandi</strong></span> <span class='ocrx_word' id='word_1_53' title='bbox 352 1012 405 1074; x_wconf 83' lang='lat' dir='ltr'><strong>rel</strong></span> <span class='ocrx_word' id='word_1_54' title='bbox 426 1012 638 1093; x_wconf 85' lang='lat' dir='ltr'><strong>praetereundi</strong></span> <span class='ocrx_word' id='word_1_55' title='bbox 659 1012 819 1073; x_wconf 83' lang='lat' dir='ltr'><strong>licentiam</strong></span> <span class='ocrx_word' id='word_1_56' title='bbox 833 1011 1059 1085; x_wconf 80' lang='lat' dir='ltr'><strong>coercendam3</strong></span> <span class='ocrx_word' id='word_1_57' title='bbox 1081 1015 1221 1076; x_wconf 83' lang='lat' dir='ltr'><strong>saucivit</strong></span> <span class='ocrx_word' id='word_1_58' title='bbox 1235 1015 1323 1075; x_wconf 75' lang='lat' dir='ltr'><strong>euin</strong></span> 
     </span>
     <span class='ocr_line' id='line_1_9' title="bbox 115 1113 1323 1197; baseline -0.001 -21"><span class='ocrx_word' id='word_1_59' title='bbox 115 1114 173 1177; x_wconf 86' lang='lat' dir='ltr'><strong>hac</strong></span> <span class='ocrx_word' id='word_1_60' title='bbox 196 1115 287 1197; x_wconf 88' lang='lat' dir='ltr'><strong>lege:</strong></span> <span class='ocrx_word' id='word_1_61' title='bbox 313 1114 377 1190; x_wconf 76' lang='lat' dir='ltr'><strong>,Ne</strong></span> <span class='ocrx_word' id='word_1_62' title='bbox 399 1113 580 1175; x_wconf 89' lang='lat' dir='ltr'><strong>ullomodo</strong></span> <span class='ocrx_word' id='word_1_63' title='bbox 602 1114 683 1193; x_wconf 89' lang='lat' dir='ltr'><strong>patri</strong></span> <span class='ocrx_word' id='word_1_64' title='bbox 705 1119 758 1174; x_wconf 91' lang='lat' dir='ltr'><strong>aut</strong></span> <span class='ocrx_word' id='word_1_65' title='bbox 782 1114 883 1187; x_wconf 90' lang='lat' dir='ltr'><strong>matri,</strong></span> <span class='ocrx_word' id='word_1_66' title='bbox 906 1131 968 1174; x_wconf 87' lang='lat' dir='ltr'><strong>aro</strong></span> <span class='ocrx_word' id='word_1_67' title='bbox 989 1118 1045 1174; x_wconf 87' lang='lat' dir='ltr'><strong>aut</strong></span> <span class='ocrx_word' id='word_1_68' title='bbox 1066 1113 1167 1189; x_wconf 71' lang='lat' dir='ltr'><strong>ariae,</strong></span> <span class='ocrx_word' id='word_1_69' title='bbox 1198 1131 1323 1194; x_wconf 88' lang='lat' dir='ltr'><strong>proavo</strong></span> 
     </span>
     <span class='ocr_line' id='line_1_10' title="bbox 115 1211 1323 1294; baseline 0.001 -20"><span class='ocrx_word' id='word_1_70' title='bbox 115 1221 186 1292; x_wconf 88' lang='lat' dir='ltr'><strong>,aut</strong></span> <span class='ocrx_word' id='word_1_71' title='bbox 210 1217 349 1294; x_wconf 81' lang='lat' dir='ltr'><strong>proariae</strong></span> <span class='ocrx_word' id='word_1_72' title='bbox 370 1213 465 1275; x_wconf 90' lang='lat' dir='ltr'><strong>hlium</strong></span> <span class='ocrx_word' id='word_1_73' title='bbox 484 1231 586 1288; x_wconf 91' lang='lat' dir='ltr'><strong>suum,</strong></span> <span class='ocrx_word' id='word_1_74' title='bbox 607 1219 660 1273; x_wconf 91' lang='lat' dir='ltr'><strong>aut</strong></span> <span class='ocrx_word' id='word_1_75' title='bbox 681 1212 774 1274; x_wconf 90' lang='lat' dir='ltr'><strong>liliam</strong></span> <span class='ocrx_word' id='word_1_76' title='bbox 794 1219 847 1273; x_wconf 91' lang='lat' dir='ltr'><strong>aut</strong></span> <span class='ocrx_word' id='word_1_77' title='bbox 869 1212 1011 1293; x_wconf 83' lang='lat' dir='ltr'><strong>reliquos</strong></span> <span class='ocrx_word' id='word_1_78' title='bbox 1034 1211 1155 1275; x_wconf 91' lang='lat' dir='ltr'><strong>liberos</strong></span> <span class='ocrx_word' id='word_1_79' title='bbox 1168 1215 1202 1275; x_wconf 92' lang='lat' dir='ltr'><strong>in</strong></span> <span class='ocrx_word' id='word_1_80' title='bbox 1217 1219 1323 1275; x_wconf 89' lang='lat' dir='ltr'><strong>testa-</strong></span> 
     </span>
     <span class='ocr_line' id='line_1_11' title="bbox 115 1312 1324 1395; baseline 0 -19"><span class='ocrx_word' id='word_1_81' title='bbox 115 1320 239 1393; x_wconf 80' lang='lat' dir='ltr'><strong>,mento</strong></span> <span class='ocrx_word' id='word_1_82' title='bbox 260 1331 318 1375; x_wconf 93' lang='lat' dir='ltr'><strong>suo</strong></span> <span class='ocrx_word' id='word_1_83' title='bbox 339 1315 515 1393; x_wconf 77' lang='lat' dir='ltr'><strong>preterire,</strong></span> <span class='ocrx_word' id='word_1_84' title='bbox 538 1313 735 1375; x_wconf 76' lang='lat' dir='ltr'><strong>exheredare</strong></span> <span class='ocrx_word' id='word_1_85' title='bbox 759 1312 871 1375; x_wconf 84' lang='lat' dir='ltr'><strong>liceret</strong></span> <span class='ocrx_word' id='word_1_86' title='bbox 904 1315 978 1395; x_wconf 85' lang='lat' dir='ltr'><strong>(etsi</strong></span> <span class='ocrx_word' id='word_1_87' title='bbox 1000 1332 1192 1394; x_wconf 90' lang='lat' dir='ltr'><strong>quacunque</strong></span> <span class='ocrx_word' id='word_1_88' title='bbox 1215 1314 1324 1377; x_wconf 80' lang='lat' dir='ltr'><strong>dom-</strong></span> 
     </span>
     <span class='ocr_line' id='line_1_12' title="bbox 116 1413 1324 1496; baseline 0 -20"><span class='ocrx_word' id='word_1_89' title='bbox 116 1417 241 1494; x_wconf 84' lang='lat' dir='ltr'><strong>„tione,</strong></span> <span class='ocrx_word' id='word_1_90' title='bbox 270 1416 321 1475; x_wconf 82' lang='lat' dir='ltr'><strong>rel</strong></span> <span class='ocrx_word' id='word_1_91' title='bbox 343 1415 468 1496; x_wconf 88' lang='lat' dir='ltr'><strong>legato,</strong></span> <span class='ocrx_word' id='word_1_92' title='bbox 499 1414 551 1475; x_wconf 81' lang='lat' dir='ltr'><strong>rel</strong></span> <span class='ocrx_word' id='word_1_93' title='bbox 574 1413 815 1475; x_wconf 88' lang='lat' dir='ltr'><strong>fideicommisso</strong></span> <span class='ocrx_word' id='word_1_94' title='bbox 837 1413 889 1474; x_wconf 83' lang='lat' dir='ltr'><strong>rel</strong></span> <span class='ocrx_word' id='word_1_95' title='bbox 911 1414 974 1475; x_wconf 91' lang='lat' dir='ltr'><strong>alio</strong></span> <span class='ocrx_word' id='word_1_96' title='bbox 1000 1431 1194 1493; x_wconf 88' lang='lat' dir='ltr'><strong>quoeunque</strong></span> <span class='ocrx_word' id='word_1_97' title='bbox 1224 1414 1324 1476; x_wconf 75' lang='lat' dir='ltr'><strong>nodo</strong></span> 
     </span>
     <span class='ocr_line' id='line_1_13' title="bbox 116 1513 1324 1598; baseline 0 -22"><span class='ocrx_word' id='word_1_98' title='bbox 116 1520 253 1595; x_wconf 89' lang='lat' dir='ltr'><strong>,partem</strong></span> <span class='ocrx_word' id='word_1_99' title='bbox 275 1513 400 1595; x_wconf 90' lang='lat' dir='ltr'><strong>legibus</strong></span> <span class='ocrx_word' id='word_1_100' title='bbox 422 1513 486 1575; x_wconf 90' lang='lat' dir='ltr'><strong>illis</strong></span> <span class='ocrx_word' id='word_1_101' title='bbox 505 1514 641 1576; x_wconf 85' lang='lat' dir='ltr'><strong>debitam</strong></span> <span class='ocrx_word' id='word_1_102' title='bbox 661 1513 831 1598; x_wconf 88' lang='lat' dir='ltr'><strong>dederint),</strong></span> <span class='ocrx_word' id='word_1_103' title='bbox 853 1515 914 1574; x_wconf 90' lang='lat' dir='ltr'><strong>nisi</strong></span> <span class='ocrx_word' id='word_1_104' title='bbox 937 1514 1018 1575; x_wconf 84' lang='lat' dir='ltr'><strong>lorte</strong></span> <span class='ocrx_word' id='word_1_105' title='bbox 1041 1515 1158 1596; x_wconf 79' lang='lat' dir='ltr'><strong>ingrati</strong></span> <span class='ocrx_word' id='word_1_106' title='bbox 1173 1515 1324 1594; x_wconf 87' lang='lat' dir='ltr'><strong>proben-</strong></span> 
     </span>
     <span class='ocr_line' id='line_1_14' title="bbox 114 1613 1323 1694; baseline 0.002 -21"><span class='ocrx_word' id='word_1_107' title='bbox 114 1619 194 1689; x_wconf 82' lang='lat' dir='ltr'><strong>,tur,</strong></span> <span class='ocrx_word' id='word_1_108' title='bbox 218 1619 248 1673; x_wconf 92' lang='lat' dir='ltr'><strong>et</strong></span> <span class='ocrx_word' id='word_1_109' title='bbox 269 1620 416 1693; x_wconf 91' lang='lat' dir='ltr'><strong>parentes</strong></span> <span class='ocrx_word' id='word_1_110' title='bbox 435 1616 520 1693; x_wconf 92' lang='lat' dir='ltr'><strong>ipsas</strong></span> <span class='ocrx_word' id='word_1_111' title='bbox 543 1613 780 1694; x_wconf 84' lang='lat' dir='ltr'><strong>ingratitudinis</strong></span> <span class='ocrx_word' id='word_1_112' title='bbox 802 1631 914 1674; x_wconf 81' lang='lat' dir='ltr'><strong>causas</strong></span> <span class='ocrx_word' id='word_1_113' title='bbox 931 1615 1112 1676; x_wconf 88' lang='lat' dir='ltr'><strong>nominatim</strong></span> <span class='ocrx_word' id='word_1_114' title='bbox 1126 1619 1323 1676; x_wconf 86' lang='lat' dir='ltr'><strong>testamento</strong></span> 
     </span>
     <span class='ocr_line' id='line_1_15' title="bbox 116 1712 1326 1793; baseline 0.003 -21"><span class='ocrx_word' id='word_1_115' title='bbox 116 1730 194 1789; x_wconf 78' lang='lat' dir='ltr'><strong>,suo</strong></span> <span class='ocrx_word' id='word_1_116' title='bbox 215 1712 471 1792; x_wconf 86' lang='lat' dir='ltr'><strong>adscripserint.·&#39;</strong></span> <span class='ocrx_word' id='word_1_117' title='bbox 514 1712 632 1774; x_wconf 74' lang='lat' dir='ltr'><strong>Causas</strong></span> <span class='ocrx_word' id='word_1_118' title='bbox 656 1713 713 1775; x_wconf 91' lang='lat' dir='ltr'><strong>has</strong></span> <span class='ocrx_word' id='word_1_119' title='bbox 735 1715 803 1793; x_wconf 89' lang='lat' dir='ltr'><strong>ipse</strong></span> <span class='ocrx_word' id='word_1_120' title='bbox 826 1714 857 1774; x_wconf 88' lang='lat' dir='ltr'><strong>iu</strong></span> <span class='ocrx_word' id='word_1_121' title='bbox 879 1714 988 1776; x_wconf 91' lang='lat' dir='ltr'><strong>eadem</strong></span> <span class='ocrx_word' id='word_1_122' title='bbox 1008 1713 1143 1776; x_wconf 82' lang='lat' dir='ltr'><strong>h&#39;orella</strong></span> <span class='ocrx_word' id='word_1_123' title='bbox 1165 1713 1326 1776; x_wconf 88' lang='lat' dir='ltr'><strong>determi-</strong></span> 
     </span>
     <span class='ocr_line' id='line_1_16' title="bbox 115 1813 1325 1893; baseline 0.002 -19"><span class='ocrx_word' id='word_1_124' title='bbox 115 1815 220 1885; x_wconf 78' lang='lat' dir='ltr'><strong>narit3</strong></span> <span class='ocrx_word' id='word_1_125' title='bbox 252 1831 371 1892; x_wconf 91' lang='lat' dir='ltr'><strong>easque</strong></span> <span class='ocrx_word' id='word_1_126' title='bbox 400 1815 461 1874; x_wconf 89' lang='lat' dir='ltr'><strong>nisi</strong></span> <span class='ocrx_word' id='word_1_127' title='bbox 490 1813 529 1874; x_wconf 92' lang='lat' dir='ltr'><strong>ab</strong></span> <span class='ocrx_word' id='word_1_128' title='bbox 559 1816 711 1875; x_wconf 90' lang='lat' dir='ltr'><strong>institutis</strong></span> <span class='ocrx_word' id='word_1_129' title='bbox 738 1813 910 1875; x_wconf 86' lang='lat' dir='ltr'><strong>heredibus</strong></span> <span class='ocrx_word' id='word_1_130' title='bbox 940 1813 1088 1893; x_wconf 85' lang='lat' dir='ltr'><strong>probatas</strong></span> <span class='ocrx_word' id='word_1_131' title='bbox 1116 1831 1214 1875; x_wconf 78' lang='lat' dir='ltr'><strong>roras</strong></span> <span class='ocrx_word' id='word_1_132' title='bbox 1247 1832 1325 1877; x_wconf 86' lang='lat' dir='ltr'><strong>esse</strong></span> 
     </span>
     <span class='ocr_line' id='line_1_17' title="bbox 115 1911 1325 1993; baseline 0.002 -18"><span class='ocrx_word' id='word_1_133' title='bbox 115 1911 228 1975; x_wconf 86' lang='lat' dir='ltr'><strong>noluit.</strong></span> <span class='ocrx_word' id='word_1_134' title='bbox 272 1913 305 1975; x_wconf 84' lang='lat' dir='ltr'><strong>Si</strong></span> <span class='ocrx_word' id='word_1_135' title='bbox 330 1913 397 1974; x_wconf 83' lang='lat' dir='ltr'><strong>haec</strong></span> <span class='ocrx_word' id='word_1_136' title='bbox 419 1915 533 1974; x_wconf 91' lang='lat' dir='ltr'><strong>omissa</strong></span> <span class='ocrx_word' id='word_1_137' title='bbox 558 1920 677 1988; x_wconf 89' lang='lat' dir='ltr'><strong>essent,</strong></span> <span class='ocrx_word' id='word_1_138' title='bbox 701 1919 919 1975; x_wconf 90' lang='lat' dir='ltr'><strong>testamentum</strong></span> <span class='ocrx_word' id='word_1_139' title='bbox 941 1913 1046 1993; x_wconf 87' lang='lat' dir='ltr'><strong>quoad</strong></span> <span class='ocrx_word' id='word_1_140' title='bbox 1068 1914 1202 1976; x_wconf 88' lang='lat' dir='ltr'><strong>heredis</strong></span> <span class='ocrx_word' id='word_1_141' title='bbox 1224 1916 1325 1978; x_wconf 84' lang='lat' dir='ltr'><strong>insti-</strong></span> 
     </span>
     <span class='ocr_line' id='line_1_18' title="bbox 117 2013 1326 2095; baseline 0.006 -23"><span class='ocrx_word' id='word_1_142' title='bbox 117 2015 269 2076; x_wconf 89' lang='lat' dir='ltr'><strong>tutionem</strong></span> <span class='ocrx_word' id='word_1_143' title='bbox 292 2013 403 2076; x_wconf 90' lang='lat' dir='ltr'><strong>inutile</strong></span> <span class='ocrx_word' id='word_1_144' title='bbox 430 2033 502 2076; x_wconf 89' lang='lat' dir='ltr'><strong>esse</strong></span> <span class='ocrx_word' id='word_1_145' title='bbox 523 2018 686 2095; x_wconf 80' lang='lat' dir='ltr'><strong>praecepit,</strong></span> <span class='ocrx_word' id='word_1_146' title='bbox 708 2015 841 2094; x_wconf 90' lang='lat' dir='ltr'><strong>reliquis</strong></span> <span class='ocrx_word' id='word_1_147' title='bbox 862 2016 932 2076; x_wconf 90' lang='lat' dir='ltr'><strong>eius</strong></span> <span class='ocrx_word' id='word_1_148' title='bbox 954 2015 1109 2095; x_wconf 85' lang='lat' dir='ltr'><strong>capitibus</strong></span> <span class='ocrx_word' id='word_1_149' title='bbox 1132 2016 1166 2076; x_wconf 89' lang='lat' dir='ltr'><strong>in</strong></span> <span class='ocrx_word' id='word_1_150' title='bbox 1188 2033 1250 2078; x_wconf 91' lang='lat' dir='ltr'><strong>suo</strong></span> <span class='ocrx_word' id='word_1_151' title='bbox 1265 2035 1326 2079; x_wconf 91' lang='lat' dir='ltr'><strong>ro-</strong></span> 
     </span>
     <span class='ocr_line' id='line_1_19' title="bbox 114 2098 424 2177; baseline -0.006 -2"><span class='ocrx_word' id='word_1_152' title='bbox 114 2098 194 2175; x_wconf 88' lang='lat' dir='ltr'><strong>bore</strong></span> <span class='ocrx_word' id='word_1_153' title='bbox 215 2114 424 2177; x_wconf 88' lang='lat' dir='ltr'><strong>manentibus.</strong></span> 
     </span>
    </p>

    <p class='ocr_par' dir='ltr' id='par_1_4' title="bbox 114 2214 1327 2697">
     <span class='ocr_line' id='line_1_20' title="bbox 155 2214 1327 2300; baseline 0.001 -21"><span class='ocrx_word' id='word_1_154' title='bbox 155 2215 273 2295; x_wconf 58' lang='lat'>§.593</span> <span class='ocrx_word' id='word_1_155' title='bbox 317 2214 497 2276; x_wconf 89' lang='lat' dir='ltr'><strong>Secundum</strong></span> <span class='ocrx_word' id='word_1_156' title='bbox 522 2216 588 2276; x_wconf 82' lang='lat' dir='ltr'><strong>haee</strong></span> <span class='ocrx_word' id='word_1_157' title='bbox 617 2217 686 2276; x_wconf 90' lang='lat' dir='ltr'><strong>iura</strong></span> <span class='ocrx_word' id='word_1_158' title='bbox 708 2223 739 2276; x_wconf 93' lang='lat' dir='ltr'><strong>et</strong></span> <span class='ocrx_word' id='word_1_159' title='bbox 762 2215 820 2276; x_wconf 92' lang='lat' dir='ltr'><strong>has</strong></span> <span class='ocrx_word' id='word_1_160' title='bbox 843 2214 934 2297; x_wconf 89' lang='lat' dir='ltr'><strong>leges</strong></span> <span class='ocrx_word' id='word_1_161' title='bbox 965 2215 1021 2300; x_wconf 90' lang='lat' dir='ltr'><strong>(de</strong></span> <span class='ocrx_word' id='word_1_162' title='bbox 1050 2234 1185 2296; x_wconf 90' lang='lat' dir='ltr'><strong>quarum</strong></span> <span class='ocrx_word' id='word_1_163' title='bbox 1217 2224 1327 2280; x_wconf 90' lang='lat' dir='ltr'><strong>tamen</strong></span> 
     </span>
     <span class='ocr_line' id='line_1_21' title="bbox 114 2314 1327 2398; baseline 0.003 -21"><span class='ocrx_word' id='word_1_164' title='bbox 114 2317 374 2394; x_wconf 83' lang='lat' dir='ltr'><strong>interpretatione</strong></span> <span class='ocrx_word' id='word_1_165' title='bbox 389 2315 518 2375; x_wconf 91' lang='lat' dir='ltr'><strong>multum</strong></span> <span class='ocrx_word' id='word_1_166' title='bbox 531 2314 738 2398; x_wconf 78' lang='lat' dir='ltr'><strong>disputatur),</strong></span> <span class='ocrx_word' id='word_1_167' title='bbox 760 2316 820 2377; x_wconf 91' lang='lat' dir='ltr'><strong>iam</strong></span> <span class='ocrx_word' id='word_1_168' title='bbox 843 2317 1017 2377; x_wconf 74' lang='lat' dir='ltr'><strong>novissimo</strong></span> <span class='ocrx_word' id='word_1_169' title='bbox 1030 2317 1102 2378; x_wconf 88' lang='lat' dir='ltr'><strong>iure</strong></span> <span class='ocrx_word' id='word_1_170' title='bbox 1116 2316 1327 2382; x_wconf 80' lang='lat' dir='ltr'><strong>diiudioanda</strong></span> 
     </span>
     <span class='ocr_line' id='line_1_22' title="bbox 114 2414 1326 2496; baseline 0.005 -20"><span class='ocrx_word' id='word_1_171' title='bbox 114 2422 206 2490; x_wconf 89' lang='lat' dir='ltr'><strong>sunt,</strong></span> <span class='ocrx_word' id='word_1_172' title='bbox 235 2433 306 2476; x_wconf 91' lang='lat' dir='ltr'><strong>eum</strong></span> <span class='ocrx_word' id='word_1_173' title='bbox 327 2423 458 2496; x_wconf 91' lang='lat' dir='ltr'><strong>propter</strong></span> <span class='ocrx_word' id='word_1_174' title='bbox 479 2418 611 2478; x_wconf 88' lang='lat' dir='ltr'><strong>iniustas</strong></span> <span class='ocrx_word' id='word_1_175' title='bbox 634 2415 897 2477; x_wconf 78' lang='lat' dir='ltr'><strong>exheredationes</strong></span> <span class='ocrx_word' id='word_1_176' title='bbox 925 2414 976 2476; x_wconf 79' lang='lat' dir='ltr'><strong>rel</strong></span> <span class='ocrx_word' id='word_1_177' title='bbox 1008 2419 1245 2496; x_wconf 70' lang='lat' dir='ltr'><strong>preteritioues</strong></span> <span class='ocrx_word' id='word_1_178' title='bbox 1267 2423 1326 2482; x_wconf 93' lang='lat' dir='ltr'><strong>in-</strong></span> 
     </span>
     <span class='ocr_line' id='line_1_23' title="bbox 115 2514 1326 2601; baseline 0.006 -27"><span class='ocrx_word' id='word_1_179' title='bbox 115 2514 224 2589; x_wconf 85' lang='lat' dir='ltr'><strong>utilia,</strong></span> <span class='ocrx_word' id='word_1_180' title='bbox 260 2522 324 2576; x_wconf 90' lang='lat' dir='ltr'><strong>tum</strong></span> <span class='ocrx_word' id='word_1_181' title='bbox 347 2515 519 2578; x_wconf 82' lang='lat' dir='ltr'><strong>inofficiosa</strong></span> <span class='ocrx_word' id='word_1_182' title='bbox 549 2522 742 2578; x_wconf 88' lang='lat' dir='ltr'><strong>testamenta.</strong></span> <span class='ocrx_word' id='word_1_183' title='bbox 786 2515 834 2577; x_wconf 88' lang='lat' dir='ltr'><strong>De</strong></span> <span class='ocrx_word' id='word_1_184' title='bbox 855 2515 993 2598; x_wconf 89' lang='lat' dir='ltr'><strong>siugulis</strong></span> <span class='ocrx_word' id='word_1_185' title='bbox 1017 2534 1102 2579; x_wconf 86' lang='lat' dir='ltr'><strong>nune</strong></span> <span class='ocrx_word' id='word_1_186' title='bbox 1128 2517 1326 2601; x_wconf 90' lang='lat' dir='ltr'><strong>diligentius</strong></span> 
     </span>
     <span class='ocr_line' id='line_1_24' title="bbox 114 2634 320 2697; baseline -0.015 -19"><span class='ocrx_word' id='word_1_187' title='bbox 114 2634 320 2697; x_wconf 84' lang='lat' dir='ltr'><strong>exponemus.</strong></span> 
     </span>
    </p>
   </div>
   <div class='ocr_carea' id='block_1_3' title="bbox 374 2798 1049 2866">
    <p class='ocr_par' dir='ltr' id='par_1_5' title="bbox 374 2798 1049 2866">
     <span class='ocr_line' id='line_1_25' title="bbox 374 2798 1049 2866; baseline 0.004 -17"><span class='ocrx_word' id='word_1_188' title='bbox 374 2800 443 2850; x_wconf 83' lang='lat' dir='ltr'><strong>um.</strong></span> <span class='ocrx_word' id='word_1_189' title='bbox 462 2801 521 2850; x_wconf 82' lang='lat' dir='ltr'><strong>rm</strong></span> <span class='ocrx_word' id='word_1_190' title='bbox 556 2800 606 2849; x_wconf 77' lang='lat' dir='ltr'><strong>oa</strong></span> <span class='ocrx_word' id='word_1_191' title='bbox 623 2799 802 2850; x_wconf 72' lang='lat' dir='ltr'><strong>anamma</strong></span> <span class='ocrx_word' id='word_1_192' title='bbox 820 2798 1049 2866; x_wconf 65' lang='lat' dir='ltr'><strong>eoumosuq.</strong></span> 
     </span>
    </p>
   </div>
   <div class='ocr_carea' id='block_1_4' title="bbox 111 2949 1325 4047">
    <p class='ocr_par' dir='ltr' id='par_1_6' title="bbox 111 2949 1325 4047">
     <span class='ocr_line' id='line_1_26' title="bbox 157 2949 1325 3035; baseline 0 -19"><span class='ocrx_word' id='word_1_193' title='bbox 157 2957 187 3033; x_wconf 67' lang='grc' dir='ltr'><strong>ξ.</strong></span> <span class='ocrx_word' id='word_1_194' title='bbox 200 2953 273 3018; x_wconf 78' lang='lat'>594.</span> <span class='ocrx_word' id='word_1_195' title='bbox 316 2951 440 3012; x_wconf 82' lang='lat' dir='ltr'><strong>llebent</strong></span> <span class='ocrx_word' id='word_1_196' title='bbox 462 2966 542 3029; x_wconf 85' lang='lat' dir='ltr'><strong>ergo</strong></span> <span class='ocrx_word' id='word_1_197' title='bbox 563 2953 714 3008; x_wconf 92' lang='lat' dir='ltr'><strong>testantes</strong></span> <span class='ocrx_word' id='word_1_198' title='bbox 740 2965 779 3008; x_wconf 92' lang='lat' dir='ltr'><strong>eo</strong></span> <span class='ocrx_word' id='word_1_199' title='bbox 800 2950 926 3027; x_wconf 89' lang='lat' dir='ltr'><strong>pietatis</strong></span> <span class='ocrx_word' id='word_1_200' title='bbox 947 2949 1053 3012; x_wconf 87' lang='lat' dir='ltr'><strong>olbcio</strong></span> <span class='ocrx_word' id='word_1_201' title='bbox 1074 2951 1185 3035; x_wconf 83' lang='lat' dir='ltr'><strong>iungi,</strong></span> <span class='ocrx_word' id='word_1_202' title='bbox 1216 2960 1253 3015; x_wconf 87' lang='lat' dir='ltr'><strong>ut</strong></span> <span class='ocrx_word' id='word_1_203' title='bbox 1279 2955 1325 3016; x_wconf 92' lang='lat' dir='ltr'><strong>li-</strong></span> 
     </span>
     <span class='ocr_line' id='line_1_27' title="bbox 113 3047 1325 3133; baseline 0.001 -17"><span class='ocrx_word' id='word_1_204' title='bbox 113 3054 200 3116; x_wconf 89' lang='lat' dir='ltr'><strong>beris</strong></span> <span class='ocrx_word' id='word_1_205' title='bbox 234 3054 300 3113; x_wconf 89' lang='lat' dir='ltr'><strong>suis</strong></span> <span class='ocrx_word' id='word_1_206' title='bbox 323 3057 385 3112; x_wconf 88' lang='lat' dir='ltr'><strong>tam</strong></span> <span class='ocrx_word' id='word_1_207' title='bbox 406 3050 487 3109; x_wconf 91' lang='lat' dir='ltr'><strong>natis</strong></span> <span class='ocrx_word' id='word_1_208' title='bbox 518 3047 633 3132; x_wconf 70' lang='lat' dir='ltr'><strong>qreluti</strong></span> <span class='ocrx_word' id='word_1_209' title='bbox 654 3047 727 3109; x_wconf 88' lang='lat' dir='ltr'><strong>tiliis</strong></span> <span class='ocrx_word' id='word_1_210' title='bbox 749 3055 780 3108; x_wconf 93' lang='lat' dir='ltr'><strong>et</strong></span> <span class='ocrx_word' id='word_1_211' title='bbox 803 3048 925 3110; x_wconf 88' lang='lat' dir='ltr'><strong>liliabus</strong></span> <span class='ocrx_word' id='word_1_212' title='bbox 951 3049 1122 3113; x_wconf 76' lang='lat' dir='ltr'><strong>ueletiam</strong></span> <span class='ocrx_word' id='word_1_213' title='bbox 1147 3055 1325 3133; x_wconf 87' lang='lat' dir='ltr'><strong>nepotibus</strong></span> 
     </span>
     <span class='ocr_line' id='line_1_28' title="bbox 114 3149 1325 3238; baseline 0.002 -23"><span class='ocrx_word' id='word_1_214' title='bbox 114 3154 326 3234; x_wconf 88' lang='lat' dir='ltr'><strong>neptibusque</strong></span> <span class='ocrx_word' id='word_1_215' title='bbox 345 3169 385 3211; x_wconf 87' lang='lat' dir='ltr'><strong>ex</strong></span> <span class='ocrx_word' id='word_1_216' title='bbox 405 3155 593 3228; x_wconf 83' lang='lat' dir='ltr'><strong>praemortuo</strong></span> <span class='ocrx_word' id='word_1_217' title='bbox 605 3149 669 3209; x_wconf 87' lang='lat' dir='ltr'><strong>filio</strong></span> <span class='ocrx_word' id='word_1_218' title='bbox 692 3149 743 3209; x_wconf 83' lang='lat' dir='ltr'><strong>rel</strong></span> <span class='ocrx_word' id='word_1_219' title='bbox 759 3149 822 3210; x_wconf 87' lang='lat' dir='ltr'><strong>lilia</strong></span> <span class='ocrx_word' id='word_1_220' title='bbox 839 3151 1094 3238; x_wconf 67' lang='lat' dir='ltr'><strong>superstitibus),</strong></span> <span class='ocrx_word' id='word_1_221' title='bbox 1116 3171 1212 3232; x_wconf 92' lang='lat' dir='ltr'><strong>quam</strong></span> <span class='ocrx_word' id='word_1_222' title='bbox 1226 3163 1325 3234; x_wconf 92' lang='lat' dir='ltr'><strong>post-</strong></span> 
     </span>
     <span class='ocr_line' id='line_1_29' title="bbox 113 3249 1325 3334; baseline 0.001 -18"><span class='ocrx_word' id='word_1_223' title='bbox 113 3256 234 3329; x_wconf 86' lang='lat' dir='ltr'><strong>humis,</strong></span> <span class='ocrx_word' id='word_1_224' title='bbox 265 3257 382 3314; x_wconf 92' lang='lat' dir='ltr'><strong>certam</strong></span> <span class='ocrx_word' id='word_1_225' title='bbox 405 3251 556 3310; x_wconf 91' lang='lat' dir='ltr'><strong>bonorum</strong></span> <span class='ocrx_word' id='word_1_226' title='bbox 579 3266 708 3309; x_wconf 89' lang='lat' dir='ltr'><strong>suorum</strong></span> <span class='ocrx_word' id='word_1_227' title='bbox 729 3255 848 3328; x_wconf 90' lang='lat' dir='ltr'><strong>partem</strong></span> <span class='ocrx_word' id='word_1_228' title='bbox 870 3249 1063 3330; x_wconf 83' lang='lat' dir='ltr'><strong>relinquant,</strong></span> <span class='ocrx_word' id='word_1_229' title='bbox 1090 3270 1163 3332; x_wconf 77' lang='lat' dir='ltr'><strong>quae</strong></span> <span class='ocrx_word' id='word_1_230' title='bbox 1185 3253 1325 3334; x_wconf 63' lang='lat' dir='ltr'><strong>lapitha</strong></span> 
     </span>
     <span class='ocr_line' id='line_1_30' title="bbox 115 3348 1322 3437; baseline 0.002 -21"><span class='ocrx_word' id='word_1_231' title='bbox 115 3356 216 3437; x_wconf 83' lang='lat' dir='ltr'><strong>vulgo</strong></span> <span class='ocrx_word' id='word_1_232' title='bbox 250 3350 430 3434; x_wconf 62' lang='lat' dir='ltr'><strong>vocaturi).</strong></span> <span class='ocrx_word' id='word_1_233' title='bbox 474 3348 559 3409; x_wconf 92' lang='lat' dir='ltr'><strong>ldem</strong></span> <span class='ocrx_word' id='word_1_234' title='bbox 592 3349 727 3409; x_wconf 88' lang='lat' dir='ltr'><strong>ollreium</strong></span> <span class='ocrx_word' id='word_1_235' title='bbox 758 3354 807 3409; x_wconf 93' lang='lat' dir='ltr'><strong>est</strong></span> <span class='ocrx_word' id='word_1_236' title='bbox 840 3348 1012 3413; x_wconf 90' lang='lat' dir='ltr'><strong>liberorum</strong></span> <span class='ocrx_word' id='word_1_237' title='bbox 1044 3371 1123 3436; x_wconf 87' lang='lat' dir='ltr'><strong>erga</strong></span> <span class='ocrx_word' id='word_1_238' title='bbox 1155 3363 1322 3435; x_wconf 80' lang='lat' dir='ltr'><strong>parentes,</strong></span> 
     </span>
     <span class='ocr_line' id='line_1_31' title="bbox 111 3448 1322 3537; baseline 0.003 -21"><span class='ocrx_word' id='word_1_239' title='bbox 111 3453 240 3537; x_wconf 90' lang='lat' dir='ltr'><strong>quando</strong></span> <span class='ocrx_word' id='word_1_240' title='bbox 263 3455 324 3533; x_wconf 87' lang='lat' dir='ltr'><strong>ipsi</strong></span> <span class='ocrx_word' id='word_1_241' title='bbox 354 3452 424 3511; x_wconf 88' lang='lat' dir='ltr'><strong>siue</strong></span> <span class='ocrx_word' id='word_1_242' title='bbox 454 3448 720 3510; x_wconf 71' lang='lat' dir='ltr'><strong>descendentibus</strong></span> <span class='ocrx_word' id='word_1_243' title='bbox 740 3450 918 3510; x_wconf 91' lang='lat' dir='ltr'><strong>moriuntur</strong></span> <span class='ocrx_word' id='word_1_244' title='bbox 931 3451 973 3535; x_wconf 74' lang='lat'><strong>⁴).</strong></span> <span class='ocrx_word' id='word_1_245' title='bbox 1018 3452 1184 3516; x_wconf 83' lang='lat' dir='ltr'><strong>Fratribus</strong></span> <span class='ocrx_word' id='word_1_246' title='bbox 1214 3464 1322 3520; x_wconf 88' lang='lat' dir='ltr'><strong>autem</strong></span> 
     </span>
     <span class='ocr_line' id='line_1_32' title="bbox 114 3551 1322 3641; baseline 0.001 -22"><span class='ocrx_word' id='word_1_247' title='bbox 114 3562 145 3619; x_wconf 89' lang='lat' dir='ltr'><strong>et</strong></span> <span class='ocrx_word' id='word_1_248' title='bbox 171 3553 336 3616; x_wconf 90' lang='lat' dir='ltr'><strong>sororibus</strong></span> <span class='ocrx_word' id='word_1_249' title='bbox 360 3552 519 3633; x_wconf 89' lang='lat' dir='ltr'><strong>germanis</strong></span> <span class='ocrx_word' id='word_1_250' title='bbox 543 3555 595 3610; x_wconf 90' lang='lat' dir='ltr'><strong>aut</strong></span> <span class='ocrx_word' id='word_1_251' title='bbox 620 3551 866 3630; x_wconf 79' lang='lat' dir='ltr'><strong>consanguineis</strong></span> <span class='ocrx_word' id='word_1_252' title='bbox 895 3569 957 3612; x_wconf 88' lang='lat' dir='ltr'><strong>nou</strong></span> <span class='ocrx_word' id='word_1_253' title='bbox 980 3551 1116 3614; x_wconf 89' lang='lat' dir='ltr'><strong>debetur</strong></span> <span class='ocrx_word' id='word_1_254' title='bbox 1139 3556 1209 3618; x_wconf 71' lang='lat' dir='ltr'><strong>hee</strong></span> <span class='ocrx_word' id='word_1_255' title='bbox 1231 3556 1322 3641; x_wconf 87' lang='lat' dir='ltr'><strong>lcgi-</strong></span> 
     </span>
     <span class='ocr_line' id='line_1_33' title="bbox 114 3653 1323 3733; baseline 0.002 -16"><span class='ocrx_word' id='word_1_256' title='bbox 114 3659 188 3717; x_wconf 84' lang='lat' dir='ltr'><strong>tima</strong></span> <span class='ocrx_word' id='word_1_257' title='bbox 211 3657 331 3733; x_wconf 77' lang='lat' dir='ltr'><strong>portio,</strong></span> <span class='ocrx_word' id='word_1_258' title='bbox 364 3653 425 3714; x_wconf 90' lang='lat' dir='ltr'><strong>nisi</strong></span> <span class='ocrx_word' id='word_1_259' title='bbox 448 3669 518 3712; x_wconf 91' lang='lat' dir='ltr'><strong>eum</strong></span> <span class='ocrx_word' id='word_1_260' title='bbox 542 3655 674 3711; x_wconf 87' lang='lat' dir='ltr'><strong>testator</strong></span> <span class='ocrx_word' id='word_1_261' title='bbox 698 3657 819 3728; x_wconf 87' lang='lat' dir='ltr'><strong>turpem</strong></span> <span class='ocrx_word' id='word_1_262' title='bbox 847 3668 1014 3730; x_wconf 84' lang='lat' dir='ltr'><strong>personam</strong></span> <span class='ocrx_word' id='word_1_263' title='bbox 1042 3654 1197 3719; x_wconf 87' lang='lat' dir='ltr'><strong>heredem</strong></span> <span class='ocrx_word' id='word_1_264' title='bbox 1225 3658 1323 3721; x_wconf 91' lang='lat' dir='ltr'><strong>iusti-</strong></span> 
     </span>
     <span class='ocr_line' id='line_1_34' title="bbox 115 3749 1321 3831; baseline 0.003 -15"><span class='ocrx_word' id='word_1_265' title='bbox 115 3757 230 3827; x_wconf 89' lang='lat' dir='ltr'><strong>tuerit,</strong></span> <span class='ocrx_word' id='word_1_266' title='bbox 262 3754 293 3813; x_wconf 92' lang='lat' dir='ltr'><strong>h.</strong></span> <span class='ocrx_word' id='word_1_267' title='bbox 317 3772 346 3813; x_wconf 93' lang='lat' dir='ltr'><strong>e.</strong></span> <span class='ocrx_word' id='word_1_268' title='bbox 368 3752 477 3825; x_wconf 83' lang='lat' dir='ltr'><strong>talem,</strong></span> <span class='ocrx_word' id='word_1_269' title='bbox 508 3768 579 3830; x_wconf 84' lang='lat' dir='ltr'><strong>quae</strong></span> <span class='ocrx_word' id='word_1_270' title='bbox 610 3749 661 3810; x_wconf 79' lang='lat' dir='ltr'><strong>rel</strong></span> <span class='ocrx_word' id='word_1_271' title='bbox 690 3749 828 3817; x_wconf 81' lang='lat' dir='ltr'><strong>infamiae</strong></span> <span class='ocrx_word' id='word_1_272' title='bbox 856 3752 908 3812; x_wconf 81' lang='lat' dir='ltr'><strong>rel</strong></span> <span class='ocrx_word' id='word_1_273' title='bbox 931 3755 1138 3831; x_wconf 89' lang='lat' dir='ltr'><strong>turpitudinis</strong></span> <span class='ocrx_word' id='word_1_274' title='bbox 1159 3755 1321 3820; x_wconf 81' lang='lat' dir='ltr'><strong>velleris</strong></span> 
     </span>
     <span class='ocr_line' id='line_1_35' title="bbox 114 3850 1321 3934; baseline 0.007 -18"><span class='ocrx_word' id='word_1_275' title='bbox 114 3860 198 3917; x_wconf 77' lang='lat' dir='ltr'><strong>note</strong></span> <span class='ocrx_word' id='word_1_276' title='bbox 221 3852 341 3913; x_wconf 89' lang='lat' dir='ltr'><strong>macula</strong></span> <span class='ocrx_word' id='word_1_277' title='bbox 366 3858 492 3912; x_wconf 90' lang='lat' dir='ltr'><strong>notatur</strong></span> <span class='ocrx_word' id='word_1_278' title='bbox 503 3851 542 3934; x_wconf 73' lang='grc'><strong>5).</strong></span> <span class='ocrx_word' id='word_1_279' title='bbox 586 3850 731 3928; x_wconf 87' lang='lat' dir='ltr'><strong>Denique</strong></span> <span class='ocrx_word' id='word_1_280' title='bbox 752 3868 810 3910; x_wconf 89' lang='lat' dir='ltr'><strong>nec</strong></span> <span class='ocrx_word' id='word_1_281' title='bbox 832 3854 967 3912; x_wconf 89' lang='lat' dir='ltr'><strong>uterinis</strong></span> <span class='ocrx_word' id='word_1_282' title='bbox 988 3854 1138 3917; x_wconf 82' lang='lat' dir='ltr'><strong>iratribus</strong></span> <span class='ocrx_word' id='word_1_283' title='bbox 1153 3866 1210 3919; x_wconf 87' lang='lat' dir='ltr'><strong>aut</strong></span> <span class='ocrx_word' id='word_1_284' title='bbox 1224 3878 1321 3924; x_wconf 91' lang='lat' dir='ltr'><strong>soro-</strong></span> 
     </span>
     <span class='ocr_line' id='line_1_36' title="bbox 113 3949 1257 4047; baseline 0.003 -30"><span class='ocrx_word' id='word_1_285' title='bbox 113 3955 203 4018; x_wconf 90' lang='lat' dir='ltr'><strong>ribus</strong></span> <span class='ocrx_word' id='word_1_286' title='bbox 224 3970 329 4032; x_wconf 88' lang='lat' dir='ltr'><strong>neque</strong></span> <span class='ocrx_word' id='word_1_287' title='bbox 353 3952 476 4012; x_wconf 72' lang='lat' dir='ltr'><strong>ceteris</strong></span> <span class='ocrx_word' id='word_1_288' title='bbox 498 3951 641 4030; x_wconf 88' lang='lat' dir='ltr'><strong>cognatis</strong></span> <span class='ocrx_word' id='word_1_289' title='bbox 662 3950 721 4010; x_wconf 91' lang='lat' dir='ltr'><strong>hoc</strong></span> <span class='ocrx_word' id='word_1_290' title='bbox 743 3949 879 4011; x_wconf 86' lang='lat' dir='ltr'><strong>olbcium</strong></span> <span class='ocrx_word' id='word_1_291' title='bbox 901 3967 1038 4031; x_wconf 90' lang='lat' dir='ltr'><strong>uuquam</strong></span> <span class='ocrx_word' id='word_1_292' title='bbox 1062 3954 1202 4019; x_wconf 88' lang='lat' dir='ltr'><strong>debetur</strong></span> <span class='ocrx_word' id='word_1_293' title='bbox 1213 3961 1257 4047; x_wconf 62' lang='grc' dir='ltr'><strong>θ).</strong></span> 
     </span>
    </p>
   </div>
   <div class='ocr_carea' id='block_1_5' title="bbox 143 4155 1135 4493">
    <p class='ocr_par' dir='ltr' id='par_1_7' title="bbox 143 4155 1135 4493">
     <span class='ocr_line' id='line_1_37' title="bbox 143 4155 1135 4228; baseline 0.003 -17"><span class='ocrx_word' id='word_1_294' title='bbox 143 4161 173 4228; x_wconf 89' lang='lat'><strong>1)</strong></span> <span class='ocrx_word' id='word_1_295' title='bbox 191 4161 221 4212; x_wconf 81' lang='lat' dir='ltr'><strong>C.</strong></span> <span class='ocrx_word' id='word_1_296' title='bbox 240 4158 284 4210; x_wconf 83' lang='lat'><strong>30.</strong></span> <span class='ocrx_word' id='word_1_297' title='bbox 303 4156 431 4220; x_wconf 57' lang='lat'>&amp;3028</span> <span class='ocrx_word' id='word_1_298' title='bbox 449 4157 501 4222; x_wconf 78' lang='lat' dir='ltr'><strong>(tit.</strong></span> <span class='ocrx_word' id='word_1_299' title='bbox 521 4156 586 4221; x_wconf 70' lang='lat' dir='ltr'><strong>eie).</strong></span> <span class='ocrx_word' id='word_1_300' title='bbox 604 4155 629 4214; x_wconf 66' lang='grc' dir='ltr'><strong>ξ.</strong></span> <span class='ocrx_word' id='word_1_301' title='bbox 647 4155 727 4207; x_wconf 78' lang='lat'>3-5.</span> <span class='ocrx_word' id='word_1_302' title='bbox 745 4158 766 4207; x_wconf 93' lang='lat' dir='ltr'><strong>l.</strong></span> <span class='ocrx_word' id='word_1_303' title='bbox 783 4155 810 4218; x_wconf 72' lang='lat'><strong>2,</strong></span> <span class='ocrx_word' id='word_1_304' title='bbox 834 4155 869 4209; x_wconf 78' lang='lat'><strong>18</strong></span> <span class='ocrx_word' id='word_1_305' title='bbox 887 4157 936 4223; x_wconf 74' lang='lat' dir='ltr'><strong>(do</strong></span> <span class='ocrx_word' id='word_1_306' title='bbox 954 4161 1030 4213; x_wconf 70' lang='lat' dir='ltr'><strong>inoffi</strong></span> <span class='ocrx_word' id='word_1_307' title='bbox 1050 4161 1135 4228; x_wconf 72' lang='lat' dir='ltr'><strong>taut).</strong></span> 
     </span>
     <span class='ocr_line' id='line_1_38' title="bbox 145 4227 962 4293; baseline -0.001 -9"><span class='ocrx_word' id='word_1_308' title='bbox 145 4232 170 4259; x_wconf 79' lang='grc'><strong>““</strong></span> <span class='ocrx_word' id='word_1_309' title='bbox 193 4234 258 4283; x_wconf 63' lang='lat' dir='ltr'><strong>luat</strong></span> <span class='ocrx_word' id='word_1_310' title='bbox 278 4227 558 4292; x_wconf 70' lang='lat' dir='ltr'><strong>2‚18.b.5,2.c.</strong></span> <span class='ocrx_word' id='word_1_311' title='bbox 578 4227 962 4293; x_wconf 56' lang='lat' dir='ltr'><strong>&amp;actaemouousamh</strong></span> 
     </span>
     <span class='ocr_line' id='line_1_39' title="bbox 230 4297 771 4357; baseline -0.004 -5"><span class='ocrx_word' id='word_1_312' title='bbox 230 4297 590 4357; x_wconf 67' lang='lat' dir='ltr'><strong>‚Lhtsr.3.fr.b§.</strong></span> <span class='ocrx_word' id='word_1_313' title='bbox 612 4299 771 4350; x_wconf 74' lang='lat' dir='ltr'><strong>1.D.ood</strong></span> 
     </span>
     <span class='ocr_line' id='line_1_40' title="bbox 282 4366 990 4433; baseline 0.001 -11"><span class='ocrx_word' id='word_1_314' title='bbox 282 4371 616 4422; x_wconf 62' lang='lat' dir='ltr'><strong>nannenus</strong></span> <span class='ocrx_word' id='word_1_315' title='bbox 716 4366 990 4433; x_wconf 63' lang='lat' dir='ltr'><strong>murtena</strong></span> 
     </span>
     <span class='ocr_line' id='line_1_41' title="bbox 255 4439 706 4493; baseline -0.004 1"><span class='ocrx_word' id='word_1_316' title='bbox 255 4439 706 4493; x_wconf 46' lang='lat' dir='ltr'><strong>uastauerant&amp;</strong></span> 
     </span>
    </p>
   </div>
   <div class='ocr_carea' id='block_1_6' title="bbox 0 0 1404 4972">
    <p class='ocr_par' dir='ltr' id='par_1_8' title="bbox 0 0 1404 4972">
     <span class='ocr_line' id='line_1_42' title="bbox 0 0 1404 4972; baseline 0 0"><span class='ocrx_word' id='word_1_317' title='bbox 0 0 1404 4972; x_wconf 95' lang='lat' dir='ltr'><strong> </strong></span> 
     </span>
    </p>
   </div>
  </div>
 </body>
</html>
