2804 4966
574 300 656 342 arara
667 300 704 346 ra.
724 305 781 344 oar.
798 307 829 346 n.
1247 299 1301 355 343

333 435 401 493 aru.
421 430 468 492 uc
504 439 554 490 nu
573 430 781 494 uoruumus
802 433 1061 511 cenomanen.

138 574 170 662 §-
180 570 277 643 1206.
320 572 368 637 Ex
390 568 549 637 maleliciis
571 592 749 652 servorum,
772 576 871 639 veluti
894 578 921 637 si
944 575 1220 657 lurtumfecerint,
1242 585 1295 643 aut

94 681 178 742 bona
199 670 383 758 rapuerint,
406 678 459 737 aut
480 673 623 737 damnum
645 666 808 752 dederint,
831 681 884 737 aut
905 677 1050 739 iniuriam
1072 681 1296 759 commiserint,

95 777 231 843 noxales
255 779 394 839 actiones
411 775 543 856 proditae
563 781 647 853 suut,
670 776 784 856 quibus
801 776 926 840 domiuo
941 777 1085 840 damnato
1096 780 1299 859 permittitur,

94 884 151 943 aut
171 870 237 940 litis
261 874 495 940 estimationem
517 872 652 939 sufferre
676 883 729 939 aut
751 878 906 940 bominem
927 896 1017 941 noxae
1045 877 1174 942 dedere.
1218 878 1294 943 Erat

97 981 180 1043 enim
201 970 365 1058 iniquum,
400 977 570 1058 nequitiam
593 995 701 1041 eorum
731 974 810 1041 ultra
841 981 981 1060 ipsorum
1003 996 1135 1062 corpora
1161 978 1294 1043 dominis

97 1081 279 1144 damnosam
300 1072 420 1159 esset).

140 1179 171 1263 ξ.
183 1174 275 1245 1207.
319 1177 406 1240 Noxa
429 1183 532 1239 autem
546 1184 595 1240 est
615 1178 715 1259 ipsum
729 1196 844 1260 corpus
864 1178 947 1261 quod
963 1183 1070 1245 nocuit
1085 1182 1106 1243 i.
1121 1200 1149 1245 c.
1168 1201 1299 1262 servus3

98 1283 193 1344 noxia
216 1283 318 1360 ipsum
340 1279 524 1342 maleficium
548 1277 646 1340 veluti
672 1279 805 1357 lurtum,
828 1281 988 1359 damnum,
1012 1284 1146 1360 iniuria,
1176 1287 1295 1366 rapina.

96 1381 250 1444 Dominus
271 1379 377 1441 noxali
401 1377 517 1440 iudicio
538 1379 624 1440 servi
646 1381 696 1440 sui
719 1382 844 1442 nomine
865 1389 1040 1444 convontus
1056 1400 1184 1446 servum
1196 1387 1296 1449 actori

97 1490 189 1545 norae
211 1474 358 1542 dedendo
380 1470 550 1554 liberatur}
573 1488 632 1541 nec
654 1481 755 1542 minus
778 1483 810 1542 in
832 1487 1017 1563 perpetuum
1042 1484 1110 1545 eius
1127 1483 1297 1549 dominium

98 1584 263 1649 adomino
284 1580 489 1653 transfertur3
513 1582 562 1641 sin
586 1582 667 1642 euim
691 1581 844 1658 damnum,
865 1583 915 1643 cui
940 1582 1065 1645 deditus
1088 1591 1154 1662 est,
1187 1602 1300 1650 servus

99 1685 283 1749 resarcierit
307 1684 437 1764 quaesita
462 1683 604 1761 pecunia,
630 1680 748 1743 auxilio
758 1680 903 1744 Praetoris
925 1683 1025 1745 invito
1051 1684 1303 1750 dominomanu-

68 1850 73 1857 ,
99 1789 241 1850 mittetur
252 1784 291 1871 ⁸).

139 1893 171 1970 ξ.
185 1885 279 1950 1208.
323 1882 506 1946 Constituto
530 1885 632 1942 autem
656 1886 729 1942 snut
757 1880 887 1943 noxales
918 1883 1058 1943 actiones
1086 1887 1139 1944 aut
1172 1882 1299 1965 legibus

99 1986 279 2050 antedicto
301 1982 462 2056 Praetoris;
489 1981 626 2062 legibus,
649 1981 748 2043 veluti
772 1981 846 2042 lurti
869 1981 920 2043 vel
944 1982 1046 2044 damni
1070 1983 1192 2044 iniuriae
1214 1983 1298 2060 duti3

100 2087 204 2149 edicto
220 2084 377 2158 Praemrrs,
402 2079 501 2143 veluti
516 2080 701 2142 iniuriarum
719 2086 749 2142 et
764 2083 795 2141 vi
812 2081 964 2145 bonorum
987 2089 1158 2162 raptorum.
1194 2083 1300 2146 Omnis

100 2193 203 2250 autem
226 2183 348 2246 noxalis
371 2181 452 2244 actio
474 2187 567 2260 caput
590 2183 751 2260 sequitur3
784 2176 853 2242 bam
883 2183 911 2244 si
940 2192 1053 2244 servus
1083 2189 1155 2244 tuus
1179 2184 1302 2246 noxiam

100 2286 310 2361 commiserit,
345 2282 491 2363 quamdiu
514 2283 545 2342 in
568 2286 619 2342 tua
642 2287 798 2362 potestate
821 2285 881 2358 sit,
913 2289 1014 2345 tecum
1047 2289 1095 2344 est
1123 2284 1223 2360 actio,
1253 2285 1301 2345 sin

102 2395 211 2454 autem
229 2389 261 2449 in
282 2385 414 2448 alterius
436 2386 621 2464 potestatem
643 2387 784 2459 venerit,
809 2401 877 2444 oum
899 2383 956 2446 illo
978 2385 1088 2464 incipit
1109 2385 1191 2446 actio
1217 2400 1300 2461 esse,

104 2497 136 2553 et
160 2490 186 2552 si
211 2487 418 2550 manumissus
441 2484 549 2559 fuerit,
572 2482 692 2545 directo
715 2484 783 2563 ipse
808 2489 943 2545 tenetur.
988 2484 1020 2547 si
1042 2501 1156 2545 servus
1177 2484 1303 2548 domino

103 2609 164 2654 suo
188 2590 312 2651 noxiam
336 2587 533 2661 commiserit,
557 2582 735 2646 nullaactio
758 2585 915 2659 nascitnr3
939 2602 1072 2664 namque
1095 2585 1178 2647 inter
1195 2584 1298 2646 domi-

102 2708 179 2752 num
203 2694 234 2750 et
259 2704 348 2764 eum,
379 2687 432 2766 qui
455 2685 513 2749 sub
539 2685 607 2746 eius
632 2689 787 2765 potestate
818 2691 887 2762 cst,
918 2684 1004 2748 nulla
1033 2684 1186 2766 obligatio
1213 2687 1301 2746 nasci

104 2789 266 2874 potest4).
435 2771 439 2783 “
488 2795 495 2802 “

149 2893 178 2972 5.
193 2882 285 2955 1209.
330 2887 438 2949 Veteri
460 2888 530 2948 iure
552 2905 679 2950 romano
703 2887 769 2950 baec
801 2887 893 2964 etiam
922 2887 953 2947 in
985 2883 1190 2947 bliislamilias
1218 2901 1304 2947 mas-

103 2992 186 3056 culis
208 2997 240 3053 et
264 2989 387 3052 leminis
408 2988 543 3051 admissa
575 2994 675 3052 erant.
719 2987 780 3052 Sed
804 2987 919 3049 sensim
942 2984 1154 3068 paulatimque
1178 2986 1216 3048 ab
1244 3002 1305 3048 usu

103 3093 261 3156 communi
282 3091 341 3152 boc
363 3091 488 3170 penitus
509 3089 654 3168 recessit,
678 3094 712 3150 ut
733 3087 791 3150 filii
812 3093 843 3149 et
864 3086 1123 3149 bliaelamiliarum
1134 3092 1227 3150 noxae
1243 3086 1303 3151 da-

102 3199 216 3255 rentur
229 3193 267 3276 ⁵).

149 3291 289 3376 §1210-
332 3291 519 3353 Animalium
546 3307 672 3370 quoque
695 3293 839 3366 nomine,
873 3307 942 3370 quaa
970 3290 1092 3351 ratione
1121 3292 1246 3362 carent,
1277 3288 1304 3348 si

104 3393 234 3476 quidem
258 3392 388 3454 lascivia
411 3396 464 3453 aut
490 3390 619 3453 fervore
641 3395 694 3452 aut
717 3389 841 3452 feritate
863 3391 1043 3470 pauperiem
1069 3387 1219 3462 iecerint,
1242 3404 1304 3450 no-

103 3494 187 3558 xalis
210 3495 293 3556 actio
315 3492 389 3576 lege
413 3493 578 3555 duodecim
602 3490 789 3554 Tabularum
812 3490 936 3571 prodita
957 3495 1023 3565 est3
1056 3505 1126 3569 quae
1148 3486 1302 3563 animalia,

105 3599 135 3660 si
156 3613 246 3658 noxae
260 3593 424 3669 dedantur,
447 3592 615 3674 proficiunt
635 3609 691 3653 reo
714 3591 751 3653 ad
776 3589 1015 3653 liberationem:
1038 3588 1139 3649 veluti
1160 3588 1187 3648 si
1202 3602 1303 3666 equus

105 3697 295 3762 calcitrosus
319 3695 405 3758 calce
428 3694 637 3775 percusserit,
662 3697 715 3754 aut
736 3692 792 3753 bos
816 3708 915 3755 cornu
938 3697 1049 3772 petere
1070 3687 1183 3751 solitus
1205 3704 1305 3750 cornu

103 3803 245 3885 petierit.

148 3901 222 3962 llaec
243 3899 344 3961 autern
367 3895 448 3958 actio
471 3895 501 3955 in
525 3894 583 3970 iis,
607 3910 676 3972 quae
698 3897 805 3955 contra
827 3896 966 3953 naturam
989 3895 1171 3966 moventur,
1204 3887 1306 3951 locum

104 3993 212 4066 habet.
258 4000 411 4062 Caeterllm
435 3988 462 4059 'si
486 3990 633 4078 genitalis
658 3995 699 4056 sit
714 3984 833 4070 feritas,
858 3997 976 4055 cess'a't
1006 3990 1175 4070 Pauperies
1190 3990 1305 4052 dicitur

143 4188 172 4256 1)
191 4191 255 4242 rau.
273 4187 300 4252 4,
318 4185 335 4240 8
350 4185 397 4255 (da
414 4187 560 4238 noualibus
577 4181 696 4248 coliem).
719 4178 778 4238 aar.
797 4181 824 4235 4ι
844 4183 867 4244 ἓ.
889 4179 931 4235 75.
953 4197 1009 4251 seq.
1027 4178 1087 4248 Dlg.
1108 4179 1132 4244 9,
1152 4177 1169 4231 Β
1188 4175 1236 4245 (de
1255 4182 1303 4230 rto·

105 4262 194 4317 xallb.
217 4257 336 4324 action).
375 4257 478 4324 Mcyna
496 4257 518 4316 §a
537 4253 598 4308 366.

141 4333 171 4400 a)
191 4336 235 4384 aa.
253 4334 274 4383 1.
293 4333 320 4382 a.
338 4335 357 4380 t.
396 4329 454 4380 aar.
470 4327 496 4380 4.
515 4327 539 4387 a.
558 4323 603 4380 ro.
725 4320 753 4389 3)
772 4323 795 4384 a.
815 4323 901 4379 1.-a.
922 4327 944 4376 1.
962 4325 989 4375 u.
1008 4328 1026 4373 a.

140 4400 171 4470 4]
191 4403 215 4463 9.
231 4401 320 4455 4.*6.
339 4403 360 4453 Ι.
380 4401 405 4452 h.
424 4404 443 4451 t.
464 4399 523 4450 Gai.
543 4394 568 4449 4.
591 4397 614 4457 ἓ.
636 4391 760 4449 7o.-78.
930 4422 934 4426 -

142 4473 170 4542 5)
192 4475 215 4533 §0
234 4471 259 4525 7·
279 4474 301 4525 Ie
321 4473 348 4527 ht
369 4475 389 4523 tt
406 4472 452 4523 ssfl‘t
469 4466 530 4522 eain
546 4466 572 4522 4·
591 4467 614 4528 §t
632 4462 755 4520 ἤι’-78·
