2804 4966
95 292 147 346 234
420 303 618 341 inarrrurronaa
639 303 711 340 runis
732 302 834 341 nonani
856 302 976 340 rnrvnrr.

137 436 167 515 ξ.
183 432 254 497 812.
301 433 333 496 Si
360 432 429 512 quis
459 431 532 495 dolo
564 433 584 494 i.
609 450 637 494 e.
669 431 852 496 iraudulosa
885 433 1122 498 machinatione
1145 435 1307 498 obductus

95 535 249 616 promisit,
274 552 332 596 nec
346 551 437 596 error
462 531 603 595 inutilem
625 533 735 594 reddat
758 538 961 611 contractum,
983 536 1042 597 erit
1068 536 1196 617 quidem
1224 537 1305 598 iuris

96 634 268 698 subtilitate
293 634 480 696 obstrictus:
517 632 573 694 sed
602 639 709 694 contra
736 639 882 716 agentem
910 635 1098 698 creditorem
1126 635 1193 699 doli
1228 636 1302 698 mali

97 737 282 816 exceptione
307 736 351 795 uti
372 735 498 814 poterit.
543 732 629 795 ldem
652 733 716 810 est,
749 736 827 796 etsi
851 734 958 796 nullus
980 735 1073 798 dolus
1101 736 1300 812 intercessit,

96 837 153 900 scd
175 839 242 916 ipsa
265 853 317 897 res
340 836 373 895 in
395 851 431 895 se
455 833 560 895 dolum
584 834 728 920 habet1).

136 938 233 1000 Porro
262 942 293 998 et
318 936 371 1016 qui
394 940 477 996 metu
503 941 629 997 coactus
658 937 829 1013 contraxit,
864 938 933 999 iure
964 939 1090 1019 quidem
1114 938 1297 1020 obligatur:

96 1038 152 1100 sed
178 1055 247 1099 cum
268 1035 313 1099 nil
336 1038 505 1098 consensui
529 1041 590 1099 tam
615 1039 803 1100 contrarium
825 1039 883 1114 sit,
917 1056 1007 1119 quam
1037 1040 1087 1100 vis
1119 1045 1151 1102 et
1181 1044 1298 1114 metus,

96 1157 189 1219 quem
215 1136 419 1218 comprobare
444 1143 552 1199 contra
575 1138 675 1200 bonos
698 1155 801 1200 mores
825 1139 933 1226 est2),
963 1141 1150 1221 exceptione
1175 1139 1301 1202 debitor

96 1240 180 1302 tueri
202 1257 238 1301 sc
260 1243 374 1318 potest,
398 1255 457 1299 nec
481 1239 625 1316 interest,
649 1246 755 1302 utrum
775 1258 791 1301 a
813 1240 993 1320 stipulante,
1018 1259 1057 1303 an
1082 1242 1120 1303 ab
1144 1246 1298 1303 extraneo

97 1347 199 1403 metus
222 1337 330 1401 illatus
351 1337 442 1424 sit-²³).

153 1545 220 1598 utu.
238 1545 286 1596 111.
323 1545 371 1595 DE
389 1544 538 1597 DUOBUS
558 1544 636 1597 burs
659 1543 877 1597 STIPULANDI
895 1546 943 1597 ET
960 1542 1256 1611 PROMITTENDF).

140 1699 169 1778 §.
184 1694 255 1759 813.
299 1691 381 1755 Fieri
410 1697 533 1772 potest,
565 1698 598 1753 ut
623 1694 653 1754 in
677 1711 737 1755 una
762 1693 956 1777 obligatione
985 1694 1094 1774 plures
1124 1697 1296 1760 creditores

97 1802 150 1858 aut
171 1793 280 1876 plures
304 1792 464 1854 debitores
488 1799 671 1855 occurrant:
696 1811 759 1873 quo
781 1793 862 1858 lacto
886 1793 1039 1877 obligatio
1061 1796 1104 1857 ita
1129 1797 1213 1858 inter
1228 1795 1297 1860 illos

98 1897 198 1958 divisa
223 1899 280 1971 est,
305 1899 338 1954 ut
363 1898 408 1955 tot
428 1896 490 1954 sint
510 1891 627 1954 credita
647 1892 700 1954 vel
722 1893 837 1970 debita,
861 1901 938 1974 quot
961 1899 1035 1955 sunt
1054 1895 1233 1959 creditores
1248 1898 1297 1961 vel

97 1994 258 2057 debitores
281 1996 301 2055 i.
317 2013 345 2056 e.
363 1999 397 2054 ut
411 1993 546 2076 singulis
571 1993 658 2055 vel-a
672 1993 808 2076 singulis
825 1994 934 2056 viriles
952 2000 1057 2075 partes
1074 1994 1249 2059 debeantur
1260 1997 1297 2086 ⁶).

100 2097 198 2170 Quam
222 2097 314 2158 etiam
337 2096 376 2157 ob
399 2115 476 2171 rem,
500 2097 526 2157 si
550 2095 688 2158 creditor
712 2096 763 2157 vel
788 2096 928 2172 debitor,
956 2095 1102 2176 pluribus
1126 2097 1296 2160 heredibus

98 2197 218 2259 relictis
231 2197 417 2272 decesserit,
442 2198 524 2259 inter
538 2198 595 2258 hos
613 2199 736 2258 nomina
754 2198 822 2277 ipso
840 2198 909 2259 iure
926 2203 999 2257 sunt
1014 2197 1116 2260 divisa
1139 2198 1186 2282 (ξ.
1199 2198 1295 2286 638.).

141 2301 171 2379 ξ.
187 2296 258 2360 814.
303 2297 482 2376 Aliquando
506 2314 582 2358 vero
607 2297 667 2359 hoc
690 2296 782 2358 aliter
805 2314 841 2358 se
872 2296 982 2375 habet,
1013 2301 1047 2357 ut
1076 2298 1217 2381 singulis
1248 2299 1296 2362 vel

100 2418 118 2461 a
141 2397 276 2480 singulis
311 2398 446 2460 solidum
477 2399 497 2458 i.
522 2416 549 2458 e.
574 2403 690 2473 totum,
720 2397 805 2477 quod
829 2399 861 2458 in
883 2398 1109 2480 obligationem
1130 2397 1297 2463 deductum

100 2505 160 2576 est,
169 2474 354 2560 debeatur:
382 2498 477 2579 idque
500 2497 618 2579 duplici
637 2497 729 2561 modo
752 2497 820 2559 lieri
840 2502 955 2579 potest,
978 2503 1032 2560 aut
1057 2514 1126 2559 cum
1150 2499 1298 2561 correctis

103 2601 152 2687 (ut
173 2599 319 2663 hodierni
342 2599 463 2686 dicunt)
488 2599 569 2661 adsit
593 2597 735 2677 obligatio
766 2601 786 2659 i.
814 2617 840 2660 e.
869 2617 940 2667 cum
967 2598 999 2659 in
1022 2615 1082 2660 una
1106 2599 1298 2682 obligatione

101 2701 210 2784 plures
232 2701 280 2761 rei
304 2700 472 2780 stipatandt
495 2701 547 2762 vel
568 2699 763 2779 promittendi
787 2702 1038 2774 constituantur3
1070 2705 1126 2762 aut
1151 2716 1220 2760 cum
1242 2698 1297 2762 alia

100 2804 142 2865 sit
170 2804 262 2878 ratio,
290 2802 329 2863 ob
355 2819 447 2881 quam
462 2800 571 2881 plures
590 2799 791 2883 obligationis
805 2799 974 2881 participes
988 2800 1020 2860 in
1035 2798 1173 2861 solidum
1188 2804 1297 2860 tenen-

106 2909 166 2979 tur,
193 2907 246 2964 aut
269 2901 403 2964 solidum
426 2907 535 2981 petere
558 2906 701 2981 possunt.

143 3007 174 3086 ς.
188 3004 260 3070 815.
304 3004 439 3065 Possunt
462 3009 565 3064 autem
587 3005 629 3063 ita
650 3001 713 3064 duo
734 3000 885 3082 pluresve
908 3001 955 3063 rei
978 2998 1149 3080 stipulaudi
1172 2999 1251 3074 lieri,
1272 2997 1296 3059 si

101 3110 173 3185 post
200 3104 331 3164 omnium
351 3105 633 3186 interrogationem
654 3103 825 3183 promissor
850 3101 1058 3182 respondeat:
1091 3088 1246 3180 s'poadeo,
1267 3102 1296 3158 ut

102 3210 176 3287 puta
201 3223 270 3266 cum
289 3205 412 3267 duobus
426 3205 593 3285 separatim
609 3204 831 3284 stipulantibus
846 3205 888 3265 ita
902 3205 1076 3284 promissor
1092 3202 1294 3284 respondeat;

103 3307 226 3386 atripae
256 3310 391 3366 oestrum
421 3305 497 3366 dore
518 3303 663 3384 spondeo.
708 3305 783 3367 Nam
809 3306 835 3366 si
864 3305 952 3384 prius
977 3303 1057 3367 Titio
1085 3302 1291 3385 spoponderit,

104 3408 219 3470 deinde
241 3406 302 3470 alio
324 3409 540 3490 interrogante
565 3406 735 3487 spondeat,
769 3406 828 3467 alia
851 3411 944 3485 atque
967 3404 1028 3467 alia
1055 3405 1117 3467 erit
1139 3404 1292 3488 obligatio,

103 3528 162 3572 nec
186 3508 358 3570 creduntur
380 3509 442 3570 duo
466 3510 512 3569 rei
534 3506 704 3587 stipulandi
727 3505 851 3592 essai).

145 3609 215 3671 Duo
238 3607 391 3688 pluresve
412 3610 459 3670 rei
481 3607 682 3690 promittendi
704 3607 746 3668 ita
769 3605 864 3666 hunt:
899 3605 1010 3685 Macci,
1036 3604 1292 3686 quinquennem

102 3764 300 3776 ——--—-—

139 3846 167 3915 1)
186 3851 229 3900 Fr.
249 3848 291 3901 36.
312 3852 344 3902 D.
361 3848 406 3914 45,
425 3851 439 3903 1
459 3848 555 3916 (ch.
575 3848 630 3916 0.).
669 3849 772 3917 Mopna
791 3848 814 3910 ἓ.
835 3847 895 3900 286.

138 3918 166 3985 2)
188 3923 231 3972 Fr.
250 3920 311 3973 116.
330 3939 368 3988 pr.
390 3925 423 3972 D.
445 3920 489 3986 50,
512 3919 546 3973 17
566 3922 611 3988 (da
630 3938 685 3988 reg.
703 3919 773 3986 iun).
813 3919 917 3987 Magne
936 3920 958 3980 ξ.
973 3915 1034 3970 287.

137 3990 166 4059 3)
186 3994 229 4043 Fr.
248 3993 273 4045 9.
293 3992 315 4052 ἓ.
336 3993 359 4044 1.
379 3995 411 4043 D.
430 3991 457 4057 4,
479 3993 495 4045 2
515 3991 600 4062 (quod
620 4000 706 4045 metus
725 3989 827 4059 causa).
848 3996 879 4043 ir.
888 3990 914 4042 4.
934 3991 958 4051 ἓ.
967 3989 1011 4042 33.
1030 3992 1064 4042 D.
1083 3985 1129 4055 44,
1148 3986 1167 4042 4
1188 3985 1232 4056 (da
1246 3981 1290 4037 (101

104 4065 168 4116 mali
189 4069 215 4116 ct
233 4070 318 4116 matus
337 4062 463 4131 except).

138 4133 167 4202 4)
186 4137 249 4188 inst.
268 4135 294 4198 3,
314 4135 356 4187 16.
375 4139 408 4186 D.
429 4133 473 4197 45,
490 4135 514 4186 2.
535 4134 601 4185 God.
613 4133 638 4197 8,
656 4132 692 4186 40
711 4131 759 4199 (dc
779 4133 860 4185 duob.
882 4129 965 4199 reis).
984 4133 1031 4184 Vis
1044 4137 1127 4201 atqua
1139 4135 1235 4184 natura
1254 4127 1290 4178 ob

104 4209 261 4273 ligationum
280 4208 393 4274 plurium
417 4223 523 4257 reorum
550 4207 645 4257 nostris
676 4205 782 4255 demum
808 4206 969 4271 temporibus
996 4209 1068 4256 recto
1100 4203 1235 4255 intellecta
1253 4199 1289 4250 aul

106 4281 158 4332 Cir.
177 4298 200 4331 o.
221 4281 357 4346 Soaa'qny,
381 4279 649 4344 Obligatioaeerecbt
670 4279 689 4326 Ι.
709 4276 769 4328 136.
789 4283 814 4328 ct
831 4295 854 4329 a.
875 4277 1020 4342 Vauqercw
1041 4277 1088 4327 111.
1107 4272 1169 4328 573.
1205 4274 1290 4324 nomn

105 4352 240 4403 sententiaa
257 4355 349 4402 teman
367 4349 509 4401 novissime
523 4363 539 4397 a
549 4348 671 4414 pluribus
690 4349 879 4416 impugnantur
897 4350 971 4400 velut
990 4349 1082 4399 aclar.
1096 4342 1289 4414 blaphemias·
1312 4408 1321 4427 s

106 4418 296 4556 mapp'adl'n.
315 4489 338 4550 s.
358 4492 382 4544 a.
403 4492 437 4541 o.
457 4491 482 4542 a.
501 4494 519 4541 t.
620 4486 649 4555 a)
667 4491 710 4542 er.
732 4491 753 4542 1.
772 4491 798 4542 a.
818 4496 836 4543 ι.
