2798 4972
425 338 428 349 .
462 311 542 350 ursrn
562 311 594 349 rr.
614 311 682 349 rans
702 310 722 349 ι.
742 310 801 349 car.
822 310 866 369 v„
1207 300 1259 358 129

47 439 176 523 quando
200 441 253 504 rei
277 439 430 524 obligatae
450 441 613 522 possessio
637 440 730 503 simul
746 438 1057 515 traditurcreditori;
1081 441 1259 524 hypotheca

48 547 146 618 vero',
180 542 311 623 quando
342 542 412 604 sine
448 540 618 606 traditione
646 541 730 604 nuda
762 541 973 604 conventione
1004 559 1057 604 res
1091 543 1259 626 obligatur.

52 643 137 704 luter
156 647 333 723 utrumque
355 647 475 718 autem,
505 641 589 723 qnod
611 641 650 705 ad
671 643 722 704 ius
744 643 776 703 in
797 660 834 704 re
855 641 985 717 attinet,
1012 642 1097 706 nulla
1118 646 1180 708 nisi
1200 664 1262 710 no-

51 743 145 805 minis
170 747 222 804 est
244 739 474 830 differentia1).

95 840 216 925 6452.
260 840 388 905 Nullum
410 843 526 924 pignus
547 843 618 904 sine
642 841 849 924 obligatione,
872 848 1113 922 propterquam
1138 848 1261 909 consti-

53 945 166 1022 tuitur,
190 945 367 1008 consistere
389 949 509 1025 potest;
541 942 586 1005 nil
607 949 710 1005 autem
731 944 874 1019 interest,
899 943 1002 1023 qualis
1025 946 1067 1006 sit
1087 946 1152 1009 haec
1175 948 1259 1011 obli-

54 1047 154 1129 gatio,
177 1045 284 1109 civilis
305 1064 345 1108 an
366 1044 537 1121 naturalis,
560 1045 630 1107 sive
651 1045 785 1125 pecunia
810 1062 849 1106 ex
872 1062 908 1106 ea
931 1043 1081 1122 debetur,
1105 1047 1174 1109 sive
1197 1052 1258 1113 alia

54 1147 229 1228 praestatio.
251 1144 398 1227 Denique
411 1151 473 1209 tam
495 1162 552 1226 pro
574 1150 695 1221 nostro,
718 1162 809 1224 quam
823 1162 881 1226 pro
896 1144 1000 1208 alieno
1014 1146 1119 1210 debito
1144 1152 1259 1232 pignus

55 1249 107 1311 vel
130 1247 312 1329 hypotheca
334 1246 402 1310 dari
429 1252 553 1328 potest;
588 1245 755 1309 dummodo
783 1247 843 1328 ipsi
867 1246 1017 1309 creditori
1040 1250 1260 1330 constituatur,

55 1366 114 1431 pro
138 1366 189 1425 eo,
212 1345 298 1429 quod
320 1363 400 1428 pure
421 1353 475 1410 aut
496 1347 554 1410 sub
578 1347 759 1410 conditione
784 1346 836 1408 vel
859 1365 899 1409 ex
919 1347 970 1409 die
992 1348 1126 1413 debetur
1136 1350 1174 1438 ²).

97 1447 218 1532 §.458
262 1446 325 1509 lies
346 1453 461 1525 autem,
487 1465 557 1528 quae
578 1449 706 1530 pignori
721 1449 919 1529 supponitur,
943 1450 975 1510 in
988 1453 1174 1515 commercio
1187 1470 1258 1516 esse

31 1544 165 1624 'debet
192 1567 253 1612 nec
276 1548 377 1630 ipsius
401 1548 580 1625 creditoris,
604 1551 654 1611 cui
676 1547 858 1631 obligatur,
882 1551 1028 1632 propria,
1050 1569 1155 1632 neque
1176 1555 1260 1633 talis,
1314 1582 1316 1588 ⁸

56 1669 128 1734 quae
149 1652 284 1714 alienari
306 1668 369 1714 non
389 1649 544 1739 potest³).
580 1649 733 1713 Caeterum
747 1668 944 1732 quecunque
959 1656 1124 1716 emtionem
1137 1659 1167 1716 et
1179 1672 1262 1716 ven-

11 1752 210 1834 'ditionem
234 1752 409 1834 rccipiunt,
445 1752 650 1834 oppignerari
679 1757 829 1833 possunt,
861 1771 925 1815 uon
953 1753 1055 1816 solum
1085 1753 1262 1834 corporalia

55 1857 128 1917 sive
150 1852 280 1917 mobilia
300 1854 370 1916 sive
391 1852 572 1929 immobilia,
596 1852 652 1915 sed
675 1853 766 1915 etiam
791 1855 877 1927 iura3
910 1860 941 1916 et
960 1859 1021 1916 tam
1041 1872 1094 1918 res
1115 1855 1262 1937 singula-

55 1972 127 2032 res,
151 1972 247 2036 quam
267 1971 375 2017 rerum
396 1955 620 2016 universitates
631 1953 672 2040 ⁴).
717 1951 811 2016 lmmo
834 1959 865 2015 et
895 1955 1010 2036 pignus
1039 1956 1165 2036 pignori
1191 1956 1259 2017 dari

12 2105 21 2118 .
54 2060 162 2136 potest
174 2052 214 2143 ὅ).
269 2053 304 2117 ln
326 2054 469 2117 omnibus
492 2053 572 2117 adeo
598 2053 731 2118 alicuius
761 2070 904 2134 persone
931 2054 1023 2117 bonis
1055 2056 1075 2115 i.
1098 2073 1126 2115 e.
1149 2056 1181 2117 in
1207 2056 1258 2132 iis,

19 4608 40 4643 θ

57 2156 228 2237 quosquis
259 2153 354 2217 babet
380 2154 608 2234 habiturusque
638 2159 697 2231 ost,
720 2154 927 2234 hypothecam
955 2155 1151 2217 constituere
1172 2154 1259 2216 licet.

56 2254 222 2320 Eiusmodi
235 2255 413 2336 hypotheca
428 2254 522 2317 bodie
535 2254 688 2333 90000060
701 2259 843 2331 vocatur,
866 2271 936 2315 cum
958 2260 1132 2317 ceterarum
1154 2272 1260 2318 rerum

54 2358 194 2441 pignora
216 2355 365 2436 specialis
388 2355 582 2441 dicanturi).

99 2462 134 2541 §-
144 2456 219 2524 454.
262 2457 408 2541 Pignoris
431 2455 484 2518 vel
508 2456 692 2538 hypothecae
714 2455 781 2517 haec
805 2460 854 2517 est
881 2456 930 2516 vis
958 2461 1053 2536 atque
1081 2455 1261 2535 efficacitas,

57 2564 93 2621 ut
116 2563 257 2620 totores
281 2558 421 2641 obligata
443 2575 507 2620 non
530 2560 631 2619 minus
654 2575 689 2619 ac
712 2557 846 2639 singulae
874 2557 941 2618 eius
965 2563 1090 2637 partes,
1118 2564 1263 2638 prototo

59 2657 170 2721 debito
195 2663 372 2722 teneantur.
416 2657 508 2721 Unde
528 2676 591 2720 non
606 2657 708 2720 solum
727 2675 779 2719 res
793 2658 873 2736 ipsa,
896 2656 951 2719 sed
969 2658 1068 2719 omnis
1087 2660 1154 2721 eius
1170 2677 1265 2722 causa

59 2766 93 2823 et
118 2760 322 2823 accessiones
348 2761 482 2842 pignore
507 2764 677 2822 onerantur
690 2759 727 2846 l).
772 2758 887 2820 Rerum
910 2760 1133 2838 universitate,
1163 2761 1263 2823 veluti

59 2878 177 2944 grege,
202 2859 360 2943 obligata,
384 2860 488 2922 lutura
512 2876 638 2940 quoque
661 2861 761 2941 capita
783 2859 909 2942 pignori
930 2860 1064 2922 obnoxia
1085 2866 1176 2936 sunt,
1206 2878 1265 2923 eo-

60 2961 200 3041 demque
222 2959 315 3024 modo
336 2960 498 3044 generalis
520 2960 696 3041 hypotheca
719 2961 887 3040 praesentia
911 2966 942 3022 et
966 2961 1072 3024 lutura
1094 2961 1175 3023 bona
1197 2978 1266 3023 am-

58 3062 214 3146 plectitur
226 3063 267 3149 ⁸).
311 3061 519 3143 Excipiuntur
540 3067 641 3124 tamen
666 3059 835 3142 suppellex
865 3060 903 3122 ad
930 3061 1143 3141 quotidianum
1173 3078 1264 3123 usum

59 3163 246 3229 necessaria
270 3168 303 3224 et
322 3162 394 3239 alia,
419 3179 490 3242 quae
513 3162 671 3225 dominum
687 3178 845 3241 nunquam
858 3161 1039 3242 specialiter
1051 3161 1264 3245 obligaturum

57 3267 175 3342 luisse,
199 3264 362 3347 probabile
386 3264 486 3350 est9).

97 3426 128 3554 12)
147 3428 177 3546 §D
192 3424 304 3553 75.01.1ἷ,
317 3429 339 3566 (6
357 3426 403 3496 (de
422 3425 541 3565 eggan).
558 3428 589 3481 ir.
600 3425 625 3480 5.
644 3428 667 3489 §-
678 3426 703 3480 1.
723 3424 753 3478 1).
765 3425 808 3491 20,
829 3425 843 3478 1
864 3422 911 3493 (de
928 3427 999 3494 pign.
1016 3430 1043 3477 st
1059 3421 1144 3493 hyp).
1161 3428 1193 3479 fr.
1203 3426 1264 3480 238.

60 3503 87 3567 5.
127 3538 133 3552 .
179 3538 186 3551 .
238 3534 246 3563 ,
330 3501 364 3554 de
382 3501 415 3551 V.
457 3537 485 3551 ..

96 3568 128 3638 2)
149 3571 193 3623 Fr·
211 3569 237 3624 5
255 3589 295 3638 pr.
313 3571 337 3633 6.
355 3570 380 3623 2.
402 3567 432 3622 l).
450 3572 492 3622 cit.
511 3571 542 3622 ir.
560 3567 603 3622 14.
621 3567 680 3628 §.L
699 3570 762 3635 Arg.
782 3570 813 3621 ir.
832 3566 875 3620 28.
896 3566 925 3619 D.
938 3568 973 3619 ib.
994 3568 1021 3618 h.
1039 3570 1057 3618 t.
1077 3582 1101 3617 c.
1112 3565 1136 3618 2.
1156 3567 1185 3619 0.
1196 3564 1264 3632 8,31

62 3643 196 3713 (delicit.
214 3641 309 3711 pign.).
327 3645 359 3694 ir.
378 3642 403 3695 8.
422 3639 447 3701 §-
465 3642 490 3695 1.
510 3638 541 3692 Ι).
561 3639 604 3703 13,
623 3638 640 3692 7
656 3638 703 3707 ((10
722 3640 794 3707 pign.
813 3636 884 3705 act).

96 3712 128 3780 3)
146 3715 189 3766 ur.
208 3713 235 3768 3.
252 3714 278 3766 6.
297 3713 327 3766 0.
343 3710 369 3778 8,
387 3709 422 3766 17
440 3711 511 3782 (qne
528 3728 571 3764 ros
588 3713 640 3780 pig.
663 3713 716 3762 obl.
736 3711 868 3778 possunt).
886 3711 918 3762 ir.
927 3707 971 3761 45.
989 3727 1029 3776 pr.
1050 3705 1082 3760 D.
1102 3705 1145 3771 50,
1164 3707 1198 3762 17
1218 3709 1264 3775 (de

58 3789 93 3841 R.
112 3783 156 3851 L).
175 3803 198 3838 0.
218 3780 244 3838 7.
264 3785 294 3838 0.
313 3782 393 3848 4,15
412 3781 459 3850 (da
477 3783 723 3837 rebusellenisnon
739 3779 911 3847 alienandis).
929 3784 960 3834 fr.
971 3778 997 3833 3.
1018 3781 1041 3841 §.
1051 3779 1077 3833 2.
1095 3780 1122 3835 3.
1140 3780 1169 3832 0.
1188 3779 1214 3845 6,
1228 3779 1264 3833 43

59 3857 231 3932 (communia
252 3857 287 3909 do
303 3857 356 3923 lag.
375 3860 402 3909 st
418 3854 527 3922 udaia).

98 3925 129 3995 4)
146 3929 190 3980 Fr.
209 3925 235 3980 9.
253 3927 277 3987 §-
296 3926 321 3980 1.
343 3924 373 3979 0.
392 3924 448 3991 (20,
466 3925 575 3994 stlat
595 3941 618 3976 c.
628 3922 655 3976 4.
675 3924 703 3976 0.
719 3921 746 3989 8,
765 3919 799 3976 17
820 3921 890 3993 (quse
909 3939 952 3975 res
968 3922 1022 3990 pig.
1040 3921 1121 3988 oblig·
1133 3937 1206 3986 poss.
1220 3921 1264 3972 vel

61 4000 140 4060 non).
158 4001 191 4052 ir.
211 3996 254 4051 13.
272 4016 312 4066 pr.
330 4000 361 4051 ir.
382 3995 424 4050 15.
442 4015 481 4065 pr.
504 3994 535 4049 D.
555 3996 616 4049 sod.

100 4068 130 4137 5)
152 4071 182 4124 0.
198 4068 224 4133 8,
243 4068 279 4123 24
298 4066 333 4136 (01
350 4070 445 4137 pignus
461 4069 566 4136 pignori
584 4067 676 4118 datum
692 4061 745 4131 sit).
763 4067 794 4116 fr.
815 4063 857 4117 13.
876 4063 900 4124 §-
917 4062 942 4116 2.
960 4066 994 4114 Ι).
1013 4062 1057 4128 20,
1078 4061 1094 4113 1
1113 4060 1151 4124 (h.
1170 4057 1209 4125 t).

101 4140 131 4208 6)
150 4142 194 4194 Fr.
212 4139 342 4200 6.15..§.
366 4140 391 4192 1.
409 4142 441 4192 fr.
460 4137 504 4192 34.
516 4139 547 4200 '§.
568 4137 642 4190 2.1).
661 4133 705 4200 20,
725 4135 739 4188 1
758 4134 807 4202 (dt.
827 4134 889 4203 cit).

99 4209 129 4279 7)
146 4213 191 4265 Fr.
213 4211 255 4265 16.
273 4211 296 4273 8.
314 4209 340 4264 4.
358 4213 392 4263 D.
410 4209 454 4274 20,
473 4207 488 4262 1
507 4208 545 4274 (h.
558 4205 598 4275 t).
628 4226 651 4260 c.
670 4205 695 4259 3.
718 4209 747 4260 0.
767 4206 793 4270 8,
812 4204 847 4261 15
872 4207 911 4274 (in
936 4205 1032 4274 quibus
1059 4203 1147 4254 causis
1170 4203 1267 4268 pignus

64 4285 151 4339 udae·
166 4281 350 4351 conuehitur).
369 4300 392 4335 c.
412 4280 436 4335 1.
456 4282 485 4335 0.
503 4280 530 4345 8,
547 4278 583 4333 25
604 4276 651 4347 (de
667 4285 747 4346 partu
762 4279 882 4346 pignoris
901 4282 928 4330 st
946 4275 1017 4327 omni
1035 4272 1139 4336 cause).

101 4353 130 4421 8)
147 4357 192 4409 ur.
216 4352 258 4409 13.
276 4373 316 4424 pr.
333 4357 365 4408 ir.
383 4351 427 4408 34.
445 4371 486 4423 pr.
505 4353 539 4403 D.
559 4353 603 4404 oih
622 4367 645 4404 <a
656 4349 682 4403 2.
704 4351 733 4404 0.
752 4349 778 4415 8,
798 4348 832 4403 14
850 4341 1039 4416 (00013000).
1061 4359 1083 4394 c.
1094 4341 1136 4396 17.
1157 4343 1186 4396 0.
1194 4342 1219 4406 8,
1228 4340 1264 4394 28

66 4425 115 4494 (do
135 4427 198 4481 mas.
244 4421 377 4495 norum).
945 4444 949 4457 =

103 4495 131 4563 9)
151 4499 197 4551 Fr.
234 4494 294 4550 -8.
311 4499 345 4550 D.
366 4497 409 4549 cit.
428 4511 451 4550 c.
471 4494 496 4547 1.
516 4494 546 4547 0.
563 4492 590 4560 8,
609 4489 652 4546 17.
672 4493 715 4544 alt.

1065 4582 1082 4635 9
