2804 4966
515 313 644 354 orannim.
668 314 726 351 eno.
739 316 769 350 u.
1190 307 1243 362 235
1289 306 1292 315 '

32 439 111 503 dore
132 442 293 522 spondes?
323 441 385 521 Sei,
406 441 525 504 eosdem
543 442 674 523 qmnqne
696 460 811 506 aureos
831 443 907 506 dare
930 445 1088 525 spondes?
1114 451 1141 511 si
1165 467 1238 512 res-

33 544 197 625 pondeant
218 542 341 626 singuli
363 546 549 624 separatim:
570 544 717 624 spondeo.
749 545 825 608 ltem
840 549 866 609 si
881 548 921 609 ita
939 550 1126 632 interrogati
1142 569 1239 632 spon-

37 643 140 706 detis?
163 644 379 725 respondeant
400 644 583 723 spondemus
594 647 633 733 1).
674 646 807 709 Possunt
836 653 939 710 tamen
963 667 1003 710 ex
1025 649 1148 712 duobus
1174 655 1239 715 reis

38 744 242 827 promittendi
265 744 346 806 alius
378 763 475 826 pure,
507 745 587 807 alius
616 747 673 808 sub
697 747 876 810 conditione
912 748 963 810 uel
995 749 1130 813 indiam
1154 752 1240 818 obli-

38 847 161 934 -gari²).
280 884 284 889 .

79 968 109 1048 §-
122 963 196 1028 816.
242 962 319 1024 Cum
349 962 411 1025 duo
440 962 570 1026 eandem
599 966 762 1045 pecuniam
792 967 993 1046 promiserint
1015 969 1067 1031 vel
1097 970 1236 1050 stipulati

45 1068 109 1144 sint,
134 1067 206 1147 ipso
231 1066 302 1126 iure
324 1070 354 1126 et
367 1064 503 1146 singulis
520 1066 551 1127 in
565 1065 699 1128 solidum
715 1066 858 1143 debetur,
882 1068 1046 1150 etsinguli
1063 1066 1179 1133 debent
1190 1074 1237 1159 3);

48 1172 81 1244 et,
104 1167 261 1246 quamvis,
286 1166 370 1246 quod
396 1166 433 1228 ad
445 1184 597 1246 personas
621 1171 869 1231 contrahentium
891 1171 1038 1249 pertinet,
1064 1172 1133 1235 duee
1155 1174 1239 1236 obli-

50 1268 181 1350 gationes
203 1265 318 1327 adesse
341 1265 519 1343 videantur,
541 1268 663 1329 ratione
682 1270 728 1329 rei
751 1267 863 1330 debitae
876 1285 937 1330 una
954 1275 1071 1332 tantum
1086 1271 1238 1355 obligatio

52 1365 246 1450 consistit⁴);
270 1367 301 1428 in
326 1371 459 1446 utraque
483 1369 565 1430 enim
589 1367 783 1451 obligatione
807 1387 866 1430 una
890 1375 1006 1433 tantum
1027 1389 1079 1433 res
1103 1374 1237 1435 vertitur

9 1536 12 1557 ι
54 1469 169 1530 etalter
193 1467 332 1529 debitum
355 1454 538 1547 accipiendo
570 1466 621 1530 vel
653 1468 734 1530 alter
764 1469 920 1532 solvendo
947 1473 1081 1534 omnium
1113 1475 1238 1553 perimit

55 1567 263 1650 obligationem
286 1584 458 1648 omnesque
481 1567 650 1655 liberati),
678 1569 752 1656 licet
776 1587 973 1651 nequaquam
996 1571 1123 1637 dubium
1144 1577 1185 1636 sit
1206 1581 1238 1637 et

58 1674 144 1749 portes
168 1688 186 1730 a
208 1668 346 1751 singulis
371 1671 434 1749 poti
458 1669 511 1731 vel
535 1669 618 1732 solvi
643 1671 786 1759 possei).

87 1787 114 1849 Si
132 1805 215 1849 unus
241 1792 357 1848 tantum
384 1787 579 1869 obligatione
604 1794 746 1850 exemtus
775 1791 834 1865 sit,
864 1795 917 1851 aut
939 1795 1083 1852 manente
1108 1808 1144 1852 ea
1171 1790 1238 1852 sola

57 1885 166 1950 alterius
188 1905 326 1969 persona
349 1887 490 1966 liberata,
513 1889 611 1951 ueluti
634 1891 661 1950 si
682 1889 776 1952 heres
800 1889 900 1953 lactus
921 1891 962 1953 sit
978 1891 1148 1952 communis
1163 1908 1237 1950 crc-

60 1988 146 2051 ditoris
179 1987 234 2051 vel
257 1993 366 2070 pactus
390 2005 459 2050 cum
485 2006 534 2066 eo,
557 2008 596 2051 ne
617 2010 634 2050 a
656 2008 691 2051 se
713 1996 853 2070 petatur,
880 1991 959 2054 altcr
982 2007 1112 2070 ⁵reorum
1135 1991 1237 2052 teneri

62 2107 107 2151 non
129 2090 244 2154 desinit
259 2089 296 2175 i).

90 2207 128 2268 lix
149 2208 295 2290 pluribus
317 2209 381 2271 reis
404 2207 574 2289 stipulandi
599 2209 652 2269 uni
681 2227 743 2270 non
767 2208 868 2270 solum
892 2215 979 2271 recte
1010 2207 1145 2270 solvitur
1177 2209 1233 2270 sed

60 2308 128 2370 ciam
143 2309 394 2390 acceptilatione,
417 2310 586 2371 novatione
608 2309 712 2370 aliove
731 2307 933 2391 obligationis
959 2310 1029 2389 ipso
1044 2311 1114 2370 iure
1129 2312 1235 2370 extin-

61 2409 154 2488 guendi
176 2409 280 2484 modo,
304 2413 366 2481 tota¹
390 2408 541 2490 obligatio
562 2410 738 2490 perimitur,
762 2428 801 2471 ex
817 2410 931 2489 quibus
944 2409 1156 2492 colligendum
1172 2417 1231 2486 est,

59 2522 290 2590 unumquemque
312 2509 444 2589 perinde
458 2510 517 2570 sibi
538 2511 747 2588 acquisivisse
765 2530 801 2573 ac
813 2510 936 2572 sisoius
953 2510 1120 2590 stipulatus
1135 2515 1231 2586 esset,

59 2617 167 2691 excepto
183 2603 241 2687 eo,
266 2609 351 2690 quod
375 2612 466 2672 etiam
490 2610 570 2672 laeto
592 2613 672 2686 eiuS,
695 2629 765 2673 cum
787 2628 849 2690 quo
873 2629 1034 2672 commune
1057 2613 1106 2672 ius
1129 2613 1233 2691 stipu-

61 2703 133 2772 lantis
156 2717 216 2788 est,
239 2713 382 2773 amittere
407 2711 579 2774 debitorem
601 2717 707 2792 potest
717 2713 756 2798 ⁸).
801 2711 865 2775 lmo
890 2713 917 2772 si
939 2729 1020 2772 unus
1044 2711 1234 2774 creditorum

57 2810 271 2895 subeleganti,
295 2809 387 2873 alteri
410 2815 584 2892 promissor
606 2811 768 2874 offerendo
789 2813 952 2892 pecuniam
975 2811 1052 2872 nibil
1077 2811 1195 2898 agit9).

88 2929 112 3008 ἕ.
125 2929 197 2991 817.
242 2929 274 2991 Si
296 2931 350 2990 uni
373 2930 563 2992 creditorum
587 2951 602 2991 a
627 2931 770 2993 debitore
790 2932 926 2994 solutum
938 2933 990 3007 sit,
1016 2931 1234 3011 quodaccepit

55 3039 108 3090 com
130 3029 264 3109 reliquis
292 3029 463 3110 stipulandi
488 3031 552 3093 reis
575 3033 685 3111 partiri
709 3050 773 3103 non
799 3038 846 3093 cst
870 3032 1049 3115 cogendus,
1082 3033 1143 3093 nisi
1173 3048 1230 3093 so-

55 3125 136 3191 cietas
160 3129 264 3193 aliave
285 3132 460 3192 communio
487 3133 568 3193 inter
590 3150 646 3194 eos
667 3132 852 3209 intercedat,
881 3139 934 3195 aut
955 3134 982 3194 si
1004 3139 1106 3213 pacto,
1132 3137 1232 3194 testa-

54 3235 143 3291 mento
169 3228 222 3291 vel
244 3229 358 3291 iudicis
379 3232 534 3309 sententia
559 3232 595 3294 ad
617 3239 737 3313 partem
758 3250 827 3294 cum
848 3232 981 3314 reliquis
1002 3229 1235 3296 communican-

51 3320 108 3389 tlan
130 3329 289 3412 obligatus
311 3331 351 3391 sit
365 3331 416 3416 ¹⁰).
460 3331 525 3393 Nec
547 3351 678 3395 correus
702 3333 855 3409 debendi,
880 3337 934 3414 qui
957 3338 1054 3395 totum
1076 3334 1232 3414 praestitit,

47 3434 154 3500 panem
178 3449 195 3492 a
219 3433 340 3493 caeteris
357 3437 504 3512 repetere
516 3439 632 3514 potest,
656 3434 716 3495 uisi
741 3437 846 3496 socius
869 3436 921 3511 sit,
947 3434 1071 3496 velalia
1086 3449 1232 3495 excausa

42 3590 232 3613 &—--—

71 3710 96 3779 1)
115 3717 158 3766 Pr.
178 3715 199 3765 I.
220 3715 247 3765 h.
266 3719 284 3766 1.
302 3717 334 3767 fr.
351 3713 377 3767 4.
394 3718 428 3767 D.
448 3716 509 3768 eod.

70 3782 96 3851 2)
118 3786 141 3846 ἓ.
161 3783 186 3836 3.
205 3786 226 3836 1.
247 3787 274 3836 h.
293 3791 310 3837 t.
329 3789 359 3838 ir.
378 3782 402 3838 7.
421 3789 454 3839 D.
473 3787 536 3838 eod.
573 3785 704 3837 Hodierni
722 3787 911 3853 obligationem
932 3788 1046 3855 plurium
1060 3802 1165 3839 reorum
1184 3786 1229 3840 sti·

32 3857 152 3920 hulundi,
174 3860 302 3921 activam,
312 3858 438 3928 ‘plurium
457 3874 561 3912 reorum
571 3858 748 3924 promittendi,
763 3863 904 3928 passivam
920 3862 1112 3927 obligationem
1122 3873 1228 3911 correa-

34 3921 87 3979 len
104 3943 204 3981 vocare
223 3929 317 3979 solent.

68 3997 342 4064 thssbb

27 4128 60 4198 (d
67 4068 95 4136 4)
113 4071 179 4206 Heca)
195 4071 311 4200 ogqulitur
333 4071 539 4138 excomparatis
557 4072 624 4123 inter
643 4088 671 4123 se
688 4074 719 4123 fr.
737 4071 762 4124 3.
782 4074 804 4134 5.
824 4074 848 4126 1.
868 4075 900 4126 D.
920 4075 980 4128 aod.
998 4076 1029 4125 fr.
1048 4069 1091 4124 71.
1108 4074 1142 4122 D.
1152 4068 1196 4134 46,
1214 4071 1227 4122 1

62 4142 188 4194 elidai..
226 4180 232 4193 .
270 4144 401 4194 .1.h.t.
1156 4142 1159 4147 ’

64 4208 92 4276 5)
115 4211 139 4270 §-
157 4214 183 4265 1.
203 4213 223 4263 Ι.
243 4214 285 4264 eit.
386 4208 725 4277 latitationem

64 4280 93 4347 7)
111 4284 156 4335 Fr.
176 4284 218 4337 19.
238 4285 270 4335 D.
293 4285 319 4333 h.
339 4288 357 4334 t.
374 4284 405 4334 fr.
427 4281 469 4335 71.
490 4301 528 4350 pr.
547 4286 581 4333 D.
600 4282 645 4347 46,
667 4284 681 4335 1
705 4283 752 4352 (de
769 4283 861 4354 fidei).

62 4351 91 4419 8)
110 4354 154 4405 Fr.
172 4352 216 4407 31.
237 4353 260 4413 §-
281 4353 348 4405 l.D

63 4423 93 4489 9)
109 4425 154 4475 Fr.
173 4425 216 4477 16.
234 4427 267 4476 D.
286 4427 313 4476 h.
331 4429 350 4476 1.

46 4491 330 4564 mmmmm

350 4389 356 4402 .
375 4351 420 4417 46,
438 4354 454 4405 2
474 4349 519 4418 (de
537 4353 654 4420 Norat).

369 4427 402 4477 ir.
420 4421 462 4475 57.
482 4424 505 4484 ἓ.
523 4425 548 4476 1.
565 4428 598 4476 D.
616 4425 661 4488 46,
679 4424 696 4477 3
714 4424 761 4491 (de
779 4424 877 4491 solut).

351 4493 395 4561 35,
414 4495 432 4548 2
453 4493 503 4561 (ad
520 4497 573 4563 leg.
592 4497 688 4563 Falco.
706 4512 763 4564 arg.
780 4500 811 4550 fr.
829 4495 872 4551 34.
890 4498 923 4549 D.
941 4494 969 4561 4,
987 4495 1006 4550 8
1024 4495 1071 4567 (de
1089 4498 1224 4565 receptis).
