2798 4972
94 307 148 366 188
416 318 618 359 renarrantem
638 319 712 358 roan
731 318 835 358 noun
851 319 974 359 amram.

93 451 277 513 universum
308 448 436 511 heredis
465 449 599 527 luisset,
630 450 726 512 alicui
748 449 993 531 collatumquid
1015 451 1180 538 vellet1),
1215 452 1291 535 legis

95 548 187 613 modo
212 551 234 611 i.
259 568 288 611 e.
308 548 457 612 civilibus
481 550 533 612 vel
553 550 748 631 imperativis
770 551 878 612 verbis
901 549 1103 614 id=ordinare
1127 551 1241 616 debuit
1251 552 1292 638 ¹):

95 658 127 714 ct
148 651 220 714 ideo
245 649 316 711 talis
336 649 487 713 delibatio
509 650 582 735 (seu
602 650 744 735 donatio)
768 650 899 730 motam
919 650 1151 731 appellabatur.
1209 636 1220 679 ⁸

135 751 211 836 llos
237 754 340 813 autem
366 751 553 830 prudentum
583 752 769 814 auctoritate
799 758 894 813 certae
924 752 1141 834 solemnesque
1168 753 1294 838 legundi

95 850 236 915 termulan
258 850 445 913 introductae
466 857 556 928 sunt,
587 868 719 932 quarum
740 852 889 915 adcurate
910 853 1175 933 interpretatione
1195 860 1294 918 totum

94 952 163 1015 fere
183 952 359 1035 legatorum
381 953 431 1013 ius
453 952 682 1015 continebatur.
725 952 1012 1035 Distinguebantur
1044 956 1128 1018 enim
1161 961 1295 1035 quatuor

94 1052 271 1136 legatorum
295 1070 432 1135 genera,
459 1070 594 1133 quorum
616 1055 680 1116 vim
703 1058 736 1116 et
754 1059 941 1134 potestatem
965 1053 1117 1135 Ulpianus
1150 1057 1184 1118 in
1207 1056 1295 1139 trag-

94 1155 206 1217 mentis
229 1154 278 1214 his
302 1154 411 1216 verbis
436 1154 588 1216 delinivit.

139 1258 169 1336 ξ.
182 1254 254 1319 671.
298 1254 454 1337 Legamus
477 1262 580 1317 autem
599 1261 735 1335 quatuor
751 1255 862 1333 modis,
887 1273 945 1336 per
960 1234 1219 1334 vindicationem,
1243 1274 1297 1338 por

95 1355 334 1431 damnationem,
356 1355 480 1417 sinendi
500 1355 603 1432 modo,
624 1372 682 1436 per
693 1357 947 1436 preceptionem.
981 1354 1041 1418 Per
1052 1356 1297 1420 vindicationem

99 1458 148 1518 bis
170 1455 278 1517 verbis
300 1454 462 1537 legamus:
494 1453 543 1533 do,
568 1455 643 1535 lopo,
670 1457 788 1535 capito,
812 1455 936 1529 samio,
955 1455 1015 1516 sibi
1033 1454 1197 1543 babuci).
1241 1456 1298 1519 Per

99 1557 326 1620 damnationem
349 1556 397 1618 bis
421 1556 549 1618 verbis:
571 1556 661 1618 tero
682 1576 766 1620 meas
788 1557 917 1619 Mauros
938 1563 1003 1620 esto
1020 1557 1110 1638 dore,
1134 1557 1222 1636 doto,
1247 1559 1298 1638 fa-

100 1658 172 1734 cito,
193 1655 333 1718 heredem
352 1674 449 1717 meum
465 1658 574 1737 facere
592 1657 681 1720 tabeo
692 1659 732 1746 ⁴).
768 1659 895 1723 Sinendi
917 1659 1009 1722 rnodo
1026 1660 1086 1721 ita:
1108 1658 1203 1720 teres
1216 1675 1298 1720 meas

99 1759 228 1821 domnus
251 1765 316 1819 esto
337 1758 451 1833 maere,
471 1757 599 1821 mnam
626 1759 733 1822 Titiam
758 1777 879 1821 summe
904 1760 987 1821 illam
1012 1778 1078 1821 rem
1099 1757 1221 1840 statque
1240 1760 1299 1821 lto-

97 1861 170 1923 bere
183 1862 224 1946 ⁶).
249 1858 315 1933 „Per
330 1862 571 1940 praeceptionem
584 1861 649 1922 sic:
671 1859 785 1922 taam
802 1861 899 1924 Titios
912 1861 993 1922 illam
1005 1878 1071 1922 rent
1082 1861 1299 1948 moeaptmt).

139 1966 170 2046 ξ.
184 1961 257 2026 672.
300 1961 359 2022 Per
378 1960 619 2024 vindicationem
634 1962 736 2045 legari
753 1969 885 2043 possunt
898 1979 963 2039 res,
985 1980 1055 2043 quae
1068 1968 1207 2043 utroque
1220 1967 1300 2024 tem-

97 2080 176 2145 pore
200 2078 240 2123 ex
260 2062 330 2122 iure
355 2059 521 2132 Quiritium
553 2064 713 2125 testatoris
743 2069 832 2125 erant
870 2065 891 2125 i.
914 2082 943 2126 e.
970 2064 1080 2125 mortis
1109 2067 1143 2125 et
1174 2060 1300 2142 quando

99 2167 319 2226 testamentum
343 2160 494 2224 iaciebat:
527 2169 735 2243 praeterquam
757 2165 783 2225 si
805 2164 957 2245 pondere,
979 2181 1129 2240 numero,
1152 2179 1302 2226 mansura

101 2265 322 2346 contineantur
330 2280 339 2336 3
373 2264 406 2324 in
427 2262 476 2324 his
498 2267 579 2325 enim
602 2265 678 2326 satis
702 2271 761 2341 cst,
787 2267 814 2327 si
837 2265 890 2326 vel
912 2267 1020 2328 mortis
1044 2264 1198 2326 duntaxat
1219 2269 1302 2326 tcm-

98 2383 176 2447 pore
208 2363 326 2425 luerint
357 2366 500 2425 testantis
534 2381 574 2425 ex
603 2366 674 2426 iure
708 2365 874 2437 Quiritium
888 2364 926 2452 ⁷).
977 2365 1038 2427 Per
1069 2364 1302 2429 damnationem

99 2482 208 2530 omnes
230 2481 282 2526 res
303 2463 406 2546 legari
422 2469 564 2543 possunt,
587 2465 680 2526 etiam
694 2482 764 2545 quar
776 2483 837 2528 non
850 2471 925 2527 sunt
936 2467 1112 2543 testatoris,
1135 2464 1305 2528 dummodo

100 2564 179 2627 tales
202 2564 274 2637 sint,
298 2580 367 2642 quae
389 2562 455 2624 dari
479 2563 664 2646 possuntt).
709 2564 836 2627 Sinendi
857 2565 951 2628 modo
973 2564 1076 2648 legari
1099 2571 1238 2646 possunt
1253 2581 1304 2628 res

8 2736 15 2753 ⁸
99 2666 236 2748 propriae
265 2665 424 2726 testatoris
456 2670 487 2726 et
514 2664 642 2727 heredis
675 2665 794 2751 eiust).
837 2665 897 2728 Per
926 2668 1171 2746 preceptionem
1202 2666 1305 2750 legari

72 2827 77 2835 ,
101 2771 245 2850 possunt,
271 2782 341 2846 quae
364 2766 456 2828 etiam
480 2784 538 2846 per
555 2766 797 2828 vindicationem
811 2766 860 2855 ¹⁰).
914 2767 946 2829 Si
969 2785 1005 2828 ea
1034 2782 1108 2843 res,
1141 2784 1216 2847 qnae
1244 2783 1305 2829 non

101 2866 161 2928 luit
182 2870 318 2946 utroque
341 2870 482 2946 tempore
502 2867 681 2942 testatoris,
711 2885 751 2929 ex
773 2869 843 2929 iure
873 2865 1039 2939 Quiritium
1069 2884 1129 2947 per
1158 2866 1305 2929 vindica-

104 2970 219 3030 tionem
241 2965 346 3049 legata
368 2969 420 3041 sit,
443 2966 519 3029 licet
540 2968 609 3029 inre
631 2967 718 3030 civili
740 2985 802 3030 non
824 2966 928 3030 valeat
950 2967 1101 3050 legatum,
1125 2972 1231 3028 tamen
1252 2983 1306 3027 se-

102 3065 339 3129 natusconsulto
362 3065 542 3150 Neroniano
563 3066 713 3144 firmatur,
736 3085 798 3148 quo
818 3073 941 3130 cautum
954 3071 1013 3142 est,
1034 3072 1079 3143 ut,
1103 3065 1305 3145 quodminus

103 3167 185 3247 aptis
208 3166 316 3228 verbis
340 3167 479 3249 legatum
503 3171 563 3243 est,
586 3167 718 3247 perinde
743 3170 794 3246 sit,
817 3187 854 3231 ac
877 3169 904 3229 si
928 3168 1044 3247 optimo
1067 3167 1140 3228 iure
1164 3165 1306 3249 legatum

184 3421 227 3472 Fr.
249 3419 309 3473 116.
327 3424 361 3472 D.
380 3421 415 3475 30
435 3419 482 3488 (da
502 3425 582 3490 legat.
601 3420 643 3488 1.).

184 3495 253 3545 Nam
271 3495 318 3545 lex
335 3503 384 3544 111.
404 3495 472 3544 Tab.
492 3500 634 3546 statuerat:
653 3497 699 3547 uti
714 3497 834 3562 tepuerit,
851 3497 894 3545 iao
909 3497 954 3548 tua
971 3504 1037 3548 aeto.

136 3564 164 3631 3)
184 3567 227 3616 Ita
247 3570 273 3617 at
293 3566 354 3616 Gai.
373 3565 396 3624 ἓ.
418 3564 478 3618 193.
515 3567 637 3634 Theoph.
657 3564 693 3615 ad
713 3565 735 3624 ἓ.
755 3567 779 3618 2.
802 3566 823 3616 Ι.
842 3566 906 3616 lat

134 3635 164 3702 4)
186 3637 245 3688 Gai.
263 3638 299 3688 ib.
319 3635 343 3696 5.
361 3636 562 3759 201.6Theoph.
582 3637 648 3688 ibid.
748 3634 777 3702 5)
798 3637 857 3688 Gai.
873 3636 910 3686 ib.
930 3634 953 3694 §-
972 3633 1033 3689 209.
1053 3634 1178 3703 Theoph.
1197 3636 1267 3689 ibid.

136 3709 153 3760 6
187 3708 247 3759 Gai.
266 3710 286 3759 l.
305 3725 327 3759 o.
347 3708 370 3767 ἓ.
391 3707 451 3761 21.

137 3707 165 3845 7)
187 3778 246 3829 Gai.
267 3778 289 3838 ἓ.
308 3778 369 3831 196.
406 3781 474 3833 Ideo
493 3796 541 3847 par
565 3778 773 3831 vindicationem
792 3779 957 3845 appellatur,
985 3777 1059 3845 qnod
1078 3778 1231 3844 legatarius
1249 3781 1308 3846 post

102 3851 249 3903 aditionem
267 3850 430 3914 hereditatis,
449 3865 505 3901 rem
523 3854 640 3916 legatam
659 3849 796 3901 vindicare
813 3853 915 3916 potest,
944 3849 989 3898 val
1012 3849 1047 3900 ab
1069 3849 1175 3901 herede
1202 3851 1249 3901 vel
1273 3848 1307 3898 ab

101 3927 232 3976 extraneo
253 3920 312 3971 Gai.
330 3922 349 3970 l.
370 3936 393 3971 o.
416 3920 518 3980 §.194
555 3923 602 3973 Est
621 3937 684 3988 ergo
709 3921 761 3971 hoo
790 3922 910 3987 legatum
931 3921 1049 3973 damiata·
1064 3921 1111 3972 val
1138 3920 1205 3972 iuris
1224 3922 1253 3972 in
1271 3935 1306 3971 re.

102 3996 146 4046 Fr.
165 3992 208 4045 69.
228 4009 268 4058 pr.
287 3994 320 4042 D.
340 3989 506 4057 (delegat).
880 3993 889 4005 “

138 4063 167 4130 8)
190 4064 248 4114 Gai.
268 4063 290 4122 §.
309 4061 369 4115 202.
389 4060 450 4113 203.
489 4062 567 4124 Quod
591 4062 629 4113 ita
653 4063 771 4128 legatum
789 4061 837 4124 sit,
854 4061 883 4111 in
900 4076 1043 4127 personam
1063 4061 1174 4114 actione
1187 4061 1246 4128 peti
1264 4059 1308 4111 de·

104 4137 168 4188 buit.
205 4135 254 4186 Est
273 4150 335 4200 orgo
356 4134 409 4184 hoo
428 4133 548 4200 legatum
565 4136 739 4198 oble'pata’om'a
758 4129 793 4196 (ἓ.
812 4129 872 4183 204.
891 4128 949 4195 ib.).

115 4222 118 4228 ’
140 4207 169 4272 9)
190 4207 251 4257 Hoc
273 4221 356 4272 genus
374 4205 457 4271 legati
481 4204 542 4269 plus
566 4205 672 4271 quidam
690 4204 787 4266 habat,
811 4218 891 4270 quam
916 4218 964 4269 per
981 4201 1205 4265 vindicationem,
1223 4201 1308 4252 minus

106 4283 196 4329 autem
221 4293 302 4346 quam
319 4293 367 4343 per
386 4276 600 4326 damnationem:
629 4275 693 4341 quia
713 4280 741 4326 et
757 4290 800 4325 res
816 4273 923 4325 heredis
947 4278 974 4325 et
998 4273 1090 4323 futura
1107 4272 1197 4340 legari
1213 4275 1307 4340 potest

108 4349 167 4399 Gal.
204 4344 336 4400 ,210-2
354 4345 380 4397 4.

44 4434 48 4441 ·
121 4415 167 4485 10)
187 4347 229 4469 {n
245 4419 284 4469 ita
305 4348 478 4470 atlaxtranao
497 4415 581 4480 legari
599 4415 690 4481 possit,
711 4414 868 4489 disputatur.
902 4412 961 4465 Gal.
982 4410 1005 4471 ἓ.
1025 4408 1181 4466 217-223.
1217 4414 1267 4465 Est
1282 4413 1307 4462 et

103 4487 156 4541 hoo
173 4489 293 4556 legatum
316 4489 437 4541 dominii:
459 4485 508 4539 sed
525 4485 967 4553 potituraooheredoperiamitio
974 4483 1306 4541 herebomtetnttotnn.
