2804 4966
487 313 570 359 um
588 314 619 351 ιι.
639 314 707 353 enus
726 314 757 355 u.
777 314 837 353 osr-
854 315 897 352 ru.
1239 303 1293 360 1⁷5

125 445 270 528 noglcotnu
300 444 513 507 necessariam
542 445 770 507 institutionem
799 447 853 507 vet
882 444 1159 509 exheredationem
1182 445 1290 510 volere

123 564 174 609 rou
191 549 319 626 possunt,
342 543 597 624 procedentibus
620 547 651 605 in
674 545 774 607 titulis
794 546 853 606 inm
875 546 1021 607 diximus.

160 647 183 726 ᾖ.
192 644 253 709 619.
293 643 395 706 Omne
424 648 644 706 testamentum
666 662 729 706 non
760 646 829 706 iure
859 644 974 707 iactum
1000 645 1120 707 nultius
1146 647 1292 708 momenti

126 743 238 819 hohotur,
257 749 466 824 testatorquo,
486 745 515 805 si
535 743 622 806 uliud
644 749 862 806 testomentum
884 764 948 808 uon
970 745 1128 821 condidit,
1157 747 1292 808 intesta-

126 847 166 902 tus
181 845 306 907 noritur.
364 843 443 906 lude
471 862 532 907 nec
564 846 705 907 euterius
736 851 953 908 testamentum
977 847 1114 909 vetidum
1137 846 1292 908 eiusmodi

125 948 276 1009 tesomnto
292 943 443 1007 murmuri
463 949 570 1025 potest
581 945 619 1033 ¹).
639 945 785 1025 Denique
807 948 887 1008 certi
908 947 988 1008 iuris
1012 952 1072 1021 est,
1094 950 1290 1021 testamenta,

124 1049 260 1133 munnio,
279 1061 343 1124 quo
357 1044 483 1107 condita
496 1051 581 1120 sunt,
606 1046 726 1107 inutilis
749 1052 849 1108 tractu
867 1048 1017 1127 temporis
1040 1065 1102 1109 nou
1117 1045 1289 1109 convales-

124 1161 179 1205 cere
195 1146 213 1206 i.
233 1163 260 1209 e.
284 1145 374 1208 nullo
396 1145 489 1208 modo
510 1151 620 1226 postes
642 1147 729 1209 vires
752 1148 897 1226 occipere
917 1165 1014 1227 posse
1027 1146 1068 1232 ²).

154 1245 177 1325 ξ.
189 1244 254 1310 620.
297 1245 401 1308 Variis
425 1251 528 1308 nutem
552 1263 590 1308 ex
614 1248 720 1307 causis
743 1253 926 1310 testamenta
949 1251 1018 1310 iure
1045 1247 1123 1310 iacta
1156 1247 1295 1332 rescindi

103 1351 234 1422 ¹possunt,
259 1353 291 1407 et
313 1346 441 1425 quidem
465 1352 519 1408 snt
541 1347 631 1408 irritu
648 1346 736 1422 fiunt,
759 1352 813 1409 out
827 1356 1025 1429 rumpuntur,
1047 1354 1100 1411 out
1114 1349 1295 1413 destituun-

122 1446 167 1519 tur,
184 1445 294 1509 oliisve
316 1446 454 1529 denique
479 1448 578 1510 modis
601 1447 805 1511 infirmantur.

152 1546 175 1626 §-
187 1546 252 1612 621.
299 1547 425 1611 irritum
445 1549 560 1610 suetum
583 1555 715 1613 vocetur
736 1556 966 1627 testamentum,
990 1551 1074 1632 quod
1088 1557 1204 1615 mutato
1227 1557 1294 1613 tes-

119 1649 203 1713 tatoris
226 1655 311 1712 stotu
332 1649 444 1712 inutile
468 1650 511 1725 fit,
532 1649 658 1729 quando
678 1649 801 1712 seilicet
823 1652 854 1712 in
877 1668 948 1712 eum
961 1670 1066 1714 casum
1088 1652 1209 1727 incidit,
1231 1669 1294 1731 quo

118 1750 203 1813 osori
223 1752 294 1812 iure
316 1767 378 1812 nou
400 1750 573 1830 potuisset:
595 1750 695 1813 veluti
717 1753 745 1813 si
767 1752 868 1831 capite
883 1752 1033 1814 minuitur
1048 1753 1089 1837 3).
1134 1752 1221 1815 Statu
1234 1767 1294 1813 suo

117 1854 171 1912 oute
191 1856 322 1914 mortem
347 1851 514 1926 restituto,
545 1851 718 1914 seeundum
748 1851 870 1913 tabulas
893 1850 1046 1913 bonorum
1067 1853 1229 1932 possessio
1253 1869 1294 1914 ex

116 1965 145 2011 oo
160 1955 341 2014 testamento
363 1950 504 2036 dotur4).

144 2053 168 2135 ἓ.
177 2052 248 2117 622.
292 2050 484 2114 Destitutum
507 2068 566 2114 seu
595 2052 755 2116 desertum
777 2052 895 2115 dicitur
920 2058 1148 2127 testamentum,
1170 2069 1210 2113 ex
1231 2067 1293 2130 quo

109 2163 183 2215 oeno
212 2153 308 2216 heres
339 2153 459 2215 exstitit
486 2153 516 2215 h.
540 2171 569 2214 e.
600 2171 640 2214 ex
667 2169 731 2233 quo
759 2170 850 2216 nemo
872 2153 1077 2215 hereditatem
1096 2152 1191 2226 odiit3
1220 2154 1293 2215 item

108 2251 151 2313 red
169 2255 193 2316 si
214 2253 311 2317 heres
335 2258 408 2335 post
430 2254 599 2317 editionem
624 2254 655 2314 iu
679 2255 836 2336 integrum
867 2256 1032 2317 restitutus
1056 2258 1114 2314 est.
1167 2251 1217 2316 Nil
1241 2253 1294 2313 in-

105 2352 206 2419 tuest:
231 2356 395 2418 institutus
415 2353 504 2417 adire
528 2354 678 2430 notuerit,
700 2373 740 2417 an
757 2353 1101 2417 testamentiiaotionem
1121 2358 1194 2414 onte
1220 2351 1292 2415 odi-

106 2453 210 2517 tionem
230 2455 424 2540 omiserit-⁶).

139 2560 167 2639 ξ.
178 2556 250 2621 623.
295 2556 431 2637 Ruptum
462 2555 577 2618 dicitur
606 2560 825 2617 testamentum
853 2554 974 2617 duobus
997 2554 1175 2630 incensis,
1200 2552 1294 2615 nimi-

99 2672 163 2721 rum
183 2657 310 2739 quondo
323 2674 401 2719 suus
423 2656 518 2720 heres
534 2658 728 2738 agnoscitur,
750 2658 782 2717 in
796 2662 982 2718 testamento
1002 2658 1148 2731 omissus,
1170 2660 1202 2717 et
1224 2671 1293 2715 eum

100 2759 274 2839 posteriore
302 2763 489 2821 testamento
518 2756 599 2819 sueto
624 2758 711 2837 prius
743 2755 944 2818 rescinditur.
988 2756 1086 2819 Nemo
1109 2772 1172 2818 uno
1194 2759 1294 2817 testo-

99 2864 200 2927 uento
222 2860 350 2922 condito
370 2859 552 2940 impeditur,
574 2860 740 2939 quominus
763 2856 848 2918 uliud
872 2856 981 2933 iaciat,
1006 2874 1107 2939 eoque
1131 2856 1213 2919 sueto
1234 2873 1293 2918 un-

97 2961 192 3024 terius
216 2959 401 3025 evanescit:
423 2958 559 3022 hominis
580 2959 662 3021 enim
678 2957 826 3021 voluntas
843 2958 1047 3021 ambulatoria
1069 2957 1211 3034 hebetur,
1237 2973 1295 3016 us-

96 3076 155 3141 que
182 3058 223 3123 ud
251 3076 433 3141 supremum
455 3060 529 3120 vitae
559 3059 677 3120 exitum
685 3075 694 3133 ;
728 3074 827 3137 quare
855 3076 947 3121 nemo
977 3064 1082 3140 potest
1104 3058 1165 3120 sibi
1189 3057 1294 3140 legem

97 3160 214 3238 dicero,
236 3177 277 3227 ue
299 3178 316 3221 a
338 3160 438 3240 priori
460 3165 646 3223 testamento
668 3159 730 3221 sibi
750 3159 905 3222 recedere
927 3161 1070 3247 liceot⁶).
1107 3159 1295 3238 imperfecto

96 3265 281 3325 testamento
302 3263 391 3341 prius
408 3277 472 3322 non
487 3262 653 3340 rumpitur,
676 3263 810 3322 attamen
827 3278 867 3321 ex
878 3259 1040 3323 Iustiniani
1059 3261 1295 3336 constitutione,

95 3361 121 3423 si
143 3361 355 3447 inscriptura
377 3363 518 3441 quinque
545 3361 678 3423 testibus
701 3360 878 3441 subscripto
909 3362 946 3423 ab
978 3363 1126 3423 intestato
1158 3360 1294 3424 heredes

95 3460 231 3523 instituti
252 3466 347 3536 sunt,
374 3461 462 3541 prius
486 3465 722 3536 testamentum,
751 3461 783 3521 iu
814 3478 877 3540 quo
902 3462 1009 3523 omissi
1032 3465 1134 3537 erunt,
1152 3460 1293 3523 infirmu-

97 3567 144 3625 ιιι
158 3560 198 3648 Ι).
243 3561 277 3624 Si
299 3560 485 3642 posthumus
505 3578 583 3623 suus
605 3561 697 3623 heres
720 3566 792 3622 ante
817 3565 997 3623 testatorem
1015 3561 1177 3639 morietur,
1201 3578 1292 3625 exeo

97 3665 282 3725 testamento
303 3660 459 3729 honorum
481 3661 644 3740 possessio
665 3659 837 3727 secuudum
860 3659 980 3723 tubulos
1003 3659 1142 3747 doturssp.

126 3851 155 3988 2)
175 3847 378 3975 2529121161)
387 3841 473 3977 61217
481 3840 668 3981 (1602431166).
676 3911 700 3972 ἃ.
709 3912 734 3964 1.
742 3910 767 3962 5.
777 3909 900 3976 f.1.2,12
911 3908 995 3982 (quib.
1006 3930 1062 3981 non
1071 3911 1295 3981 estpsrmissum).

126 3992 155 4058 3)
179 3994 241 4051 Gt!-
257 3992 283 4050 2.
304 3990 327 4051 5.
348 3983 407 4040 14o
428 3983 487 4039 146.
507 3986 530 4046 ἃ.
547 3984 575 4039 4.
593 3988 619 4042 5.
638 3986 659 4036 Ι.
678 3985 704 4035 h.
722 3990 740 4035 ι
759 3985 792 4036 fr.
812 3984 838 4035 6.
857 3983 881 4043 h.
901 3982 926 4036 5.
944 3987 978 4039 D.
997 3987 1024 4037 h.
1042 3993 1060 4038 t.

124 4062 154 4131 4)
175 4062 198 4123 §.
218 4062 243 4116 6.
263 4064 285 4114 Ι.
305 4062 365 4113 eod.
384 4059 416 4108 fr.
436 4055 477 4108 12.
496 4074 534 4123 pr.
553 4059 586 4111 D.
606 4057 667 4112 ood.
688 4056 746 4107 Gai.
766 4054 791 4106 2.
811 4051 902 4114 §.174
921 4056 981 4110 148.
1000 4057 1154 4127 Aliquando
1173 4061 1200 4119 ct
1218 4061 1297 4125 rupis

91 4140 252 4191 boumont·
272 4135 346 4186 irrito
366 4128 423 4183 deri
441 4127 573 4182 dicuntur.
591 4131 616 4192 §-
630 4128 654 4185 5.
676 4128 739 4181 th:
758 4130 776 4177 t.

125 4205 158 4274 ὃ)
177 4207 221 4259 uo.
244 4203 306 4261 181.
323 4207 360 4265 D,
376 4196 422 4262 50,
439 4195 474 4251 17
492 4195 686 4271 (denomino).
704 4198 727 4258 ἓ.
735 4195 759 4250 7.
778 4200 800 4249 I.
817 4197 843 4265 3,
863 4200 876 4251 Ι
899 4200 946 4268 (de
965 4200 1172 4268 hersdqumab
1190 4196 1298 4260 intent.

127 4277 158 4344 6)
179 4279 202 4338 ξ.
222 4275 249 4328 2.
268 4276 293 4329 3.
312 4277 340 4327 h.
359 4281 377 4325 ι.
394 4273 426 4322 ιἰ.
446 4268 488 4321 16.
506 4273 539 4322 D.
560 4276 621 4326 eod.
641 4275 671 4323 fr.
691 4268 735 4321 32.
760 4269 785 4330 ἓ.
803 4267 828 4320 3.
847 4273 880 4322 Ι).
899 4271 975 4337 24,1
997 4270 1045 4337 (do
1063 4272 1154 4322 donat.
1172 4271 1297 4322 intersit.

89 4356 119 4409 ά
136 4349 238 4412 oxon).
257 4351 291 4401 ir.
311 4346 340 4401 4.
356 4348 390 4398 D.
405 4340 450 4409 34,
470 4339 490 4394 4
510 4341 559 4411 (de
571 4342 705 4399 odimrol
714 4339 829 4407 transi).
848 4344 931 4405 im22.
949 4359 989 4407 pr.
1007 4344 1041 4393 D.
1051 4340 1086 4394 32
1106 4340 1298 4410 (delog.111.).

124 4418 154 4486 7)
174 4420 218 4472 Fr.
236 4416 262 4471 3.
276 4437 316 4487 pr.
336 4420 369 4470 D.
390 4417 416 4468 h.
434 4420 453 4465 t.
472 4411 528 4482 (28,
545 4413 584 4482 3).
601 4433 624 4467 o.
642 4416 685 4468 21.
705 4412 728 4472 ἓ.
747 4412 772 4465 5.
792 4414 820 4467 0.
840 4414 866 4478 6,
884 4412 984 4480 23ι66ο
999 4410 1128 4478 tostam).

124 4489 155 4558 8)
175 4491 219 4544 uz.
239 4489 283 4544 12.
304 4506 344 4557 pr.
362 4491 398 4555 D,
415 4491 441 4544 h·
461 4495 480 4540 t.
500 4504 523 4540 o.
543 4488 569 4540 2.
587 4488 616 4541 0.
637 4488 663 4552 6,
683 4482 953 4557 sermomonem).
