2804 4966
138 290 190 348 272
456 299 658 337 rssrrrurrorurs
678 299 751 336 runis
774 299 874 336 nouum
896 299 1016 336 narrum.

139 455 219 517 diere
241 454 327 511 esset
347 447 546 528 promissum,
571 464 610 508 ex
630 463 686 508 sua
701 462 828 525 quoque
846 450 934 525 parte
947 443 1145 505 donationem
1159 443 1190 504 in
1206 459 1341 503 uxorem

141 553 312 626 conterret,
337 549 364 610 si
388 549 456 628 ipse
479 548 509 608 in
532 548 728 609 matrimonio
749 550 835 608 esset
857 545 1037 607 moriturus.
1071 541 1146 605 Cum
1161 539 1341 604 autemdo-

139 654 280 717 nationes
304 650 387 710 inter
407 650 512 709 airum
535 652 566 709 et
586 665 717 709 uxorem
738 644 867 707 inutiles
889 639 1007 720 essent,
1031 643 1186 707 eiusmodi
1211 641 1340 705 donatio

138 758 211 816 aute
232 749 356 829 nuptias
380 746 447 809 iieri
469 746 607 825 solebat,
638 747 775 826 ideoque
796 751 868 808 aute
891 747 1015 826 nuptias
1043 743 1170 806 donatio
1193 740 1341 823 appella-

137 854 241 917 batur.
287 849 477 911 iustinianus
501 848 622 910 demum
646 865 699 910 eas
723 858 753 909 et
776 850 938 910 contracto
962 846 1157 908 matrimonio
1180 842 1340 906 celebrari

139 952 292 1037 permisit,
315 967 433 1030 easque
455 955 584 1031 propter
605 950 729 1029 nuptias
750 947 936 1010 donationes
963 944 1115 1027 appellari
1138 943 1294 1030 voluit1).

182 1058 212 1136 ξ.
225 1051 297 1117 962.
342 1051 473 1130 Propter
503 1051 628 1131 nuptias
658 1049 843 1111 donationes
876 1049 908 1109 in
937 1046 1086 1110 mulieres
1119 1043 1340 1118 conferuntur,

141 1174 211 1220 cum
234 1153 291 1215 dos
315 1151 353 1213 ab
375 1153 413 1212 iis
437 1152 624 1227 constituta,
657 1156 688 1211 et
711 1148 804 1213 simul
833 1154 981 1212 statutum
1009 1148 1067 1224 sit,
1098 1152 1133 1208 ut
1161 1147 1263 1207 soluto
1283 1161 1343 1224 per

139 1261 265 1318 mortem
280 1251 391 1313 uxoris
410 1250 616 1326 matrimonio,
637 1251 766 1313 maritus
783 1250 886 1313 dotem
903 1249 955 1311 vel
968 1254 1087 1329 partem
1101 1249 1171 1310 eins
1184 1247 1340 1309 lucretur.

141 1359 219 1423 Sunt
241 1360 343 1417 autem
366 1354 406 1414 ita
429 1351 623 1428 ordinanda,
647 1357 682 1412 ut
706 1368 795 1430 quam
819 1341 967 1412 summam
989 1368 1049 1411 nec
1075 1350 1224 1412 maiorem
1237 1349 1341 1410 mino-

140 1475 249 1519 remve
272 1474 312 1519 ex
330 1454 404 1517 dote
427 1453 606 1516 lucraretur
628 1453 768 1530 maritus,
791 1453 818 1514 si
839 1452 999 1514 mulierem
1016 1452 1153 1532 priorem
1166 1452 1248 1514 mori
1261 1467 1342 1513 con-

144 1559 302 1640 tingeret,
334 1553 464 1616 eandem
486 1555 579 1615 etiam
600 1571 697 1630 uxor,
731 1555 759 1615 si
784 1554 849 1633 ipsa
874 1553 1106 1634 supervixerit,
1138 1571 1178 1614 ex
1210 1557 1342 1634 propter

142 1657 267 1737 nuptias
292 1655 460 1717 donatione
483 1654 623 1716 haberet.
667 1654 744 1717 Eum
767 1655 868 1736 igitur
890 1655 922 1714 in
937 1652 1028 1716 iinem
1044 1653 1222 1716 huiusmodi
1240 1655 1343 1718 donu-

142 1759 244 1820 tiones
266 1755 360 1831 dunt,
394 1760 429 1816 ut
450 1754 582 1835 aequalia
607 1759 638 1816 et
667 1755 777 1817 uxoris
807 1760 838 1816 et
867 1757 969 1817 mariti
997 1755 1060 1818 sint
1087 1756 1155 1817 iura
1186 1756 1218 1815 in
1242 1753 1343 1817 lucris

142 1855 336 1938 nuptialibus
349 1855 389 1942 ²).
906 1917 909 1921 .

185 1960 215 2039 ἓ.
230 1955 302 2021 963.
347 1953 488 2016 Durante
507 1955 702 2017 matrimonio
724 1954 894 2016 dominium
917 1973 1022 2017 rerum
1045 1955 1228 2018 donatarum
1243 1971 1344 2035 penes

98 2063 121 2125 “,
144 2059 287 2120 maritum
310 2062 377 2132 est,
410 2057 471 2118 nisi
501 2055 582 2118 torte
604 2073 655 2117 res
677 2054 798 2117 traditae
820 2055 1006 2144 fumanti),
1040 2050 1208 2117 usufructu
1231 2055 1345 2117 marito

96 2173 100 2181 ·
143 2158 267 2220 relicto.
311 2155 463 2220 Alienare
496 2156 583 2218 nulio
616 2155 706 2218 modo
740 2161 947 2236 easpotest3
982 2162 1013 2217 et
1043 2157 1135 2218 tacita
1162 2155 1345 2237 hypotheca

146 2257 260 2319 mulier
282 2258 313 2318 in
343 2257 440 2318 rebus
470 2257 571 2319 mariti
600 2259 631 2318 in
663 2257 863 2319 securitatem
895 2257 988 2320 huius
1019 2257 1197 2330 donationis
1225 2256 1345 2317 munita

146 2359 241 2440 0014).
285 2357 334 2420 Ad
358 2359 493 2438 inopiam
514 2357 642 2421 redacto
664 2358 745 2434 viro,
769 2374 849 2420 uxor
868 2358 928 2420 sibi
950 2359 1134 2438 prospicere
1156 2363 1187 2419 et
1207 2373 1261 2418 res
1284 2356 1346 2419 do-

143 2465 230 2521 natas
253 2461 384 2540 exigere
405 2464 520 2537 potest,
542 2460 618 2539 quin
639 2464 741 2520 tamen
764 2457 903 2522 alienare
926 2475 979 2521 eas
1001 2460 1102 2540 possit
1112 2457 1150 2547 ⁶).

187 2559 309 2622 Mortua
331 2576 442 2635 uxore,
466 2565 597 2639 propter
618 2561 743 2640 nuptias
757 2559 883 2622 donatio
899 2561 1077 2636 evanescit;
1099 2559 1347 2642 necquidquam

146 2678 186 2722 ex
209 2679 244 2722 ea
268 2660 404 2723 heredes
426 2661 495 2724 eius
517 2659 681 2723 lucrantur
690 2662 737 2748 6);
760 2663 871 2725 marito
894 2680 973 2726 vero
997 2661 1157 2740 defuneto,
1180 2680 1249 2725 cum
1263 2663 1349 2743 pacti

146 2761 285 2824 conditio
311 2762 434 2837 existat,
459 2762 660 2823 committitur
683 2764 850 2825 conventio
874 2769 905 2824 et
926 2782 977 2826 res
1001 2763 1122 2826 donatae
1133 2761 1279 2826 mulieris
1297 2762 1350 2826 ef-

148 2861 313 2937 ficiuntur,
335 2862 430 2941 pleno
452 2862 575 2941 quidem
604 2862 760 2940 dominio,
783 2864 810 2926 si
834 2864 926 2926 liberi
950 2882 989 2925 ex
1011 2865 1207 2927 matrimonio
1230 2879 1351 2944 super-

148 2962 238 3024 stites
260 2979 321 3023 non
345 2963 408 3022 sint
421 2961 460 3047 ἵ),
486 2961 525 3023 ad
547 2961 774 3025 usumfructum
799 2981 888 3041 vero,
912 2963 1022 3027 liberis
1044 2964 1308 3027 existentibus⁸.

191 3063 222 3141 §-
242 3059 313 3124 964.
358 3061 390 3125 Si
425 3060 594 3124 divortium
612 3062 719 3145 -cuip'a
753 3065 853 3127 mariti
887 3064 1085 3142 intercessit,
1123 3082 1203 3127 uxor
1234 3082 1276 3128 eo
1301 3083 1350 3128 cm

149 3157 241 3220 modo
265 3163 395 3239 propter
421 3161 545 3241 nuptias
569 3162 767 3226 donationem
796 3164 956 3242 lucratur,
990 3164 1248 3245 quemadmodum
1279 3167 1351 3247 ipse

149 3259 252 3322 dotem
275 3257 415 3323 lucratus
438 3267 542 3338 esset,
573 3264 600 3324 si
624 3262 679 3326 ilia
709 3266 778 3326 sine
806 3266 888 3327 iusta
912 3282 1008 3327 causa
1033 3255 1216 3326 divertisset
1229 3263 1270 3350 ⁹).
1316 3264 1351 3328 Si

147 3378 187 3422 ex
208 3361 288 3421 iusta
311 3377 404 3423 causa
427 3379 505 3424 vero
529 3363 694 3443 repudium
724 3366 851 3427 missum
874 3366 932 3440 sit,
956 3365 1024 3425 sive
1046 3364 1084 3427 ab
1110 3381 1210 3427 uxore
1232 3365 1308 3427 sive
1331 3384 1351 3427 a

148 3447 271 3540 aderito,
295 3460 385 3524 alteri
408 3463 536 3545 coniugi
558 3463 677 3527 nuliius
701 3464 802 3547 culpae
823 3482 880 3528 reo
902 3470 935 3529 et
955 3464 1012 3528 dos
1034 3469 1066 3527 et
1079 3469 1210 3546 propter
1221 3465 1352 3547 nuptias

149 3561 275 3625 donatio
298 3561 562 3650 acquiruntur10).

148 3665 346 3676 -ι-ι

184 3717 212 3785 1)
232 3719 255 3778 5.
275 3717 299 3770 9.
320 3722 342 3770 Ι.
361 3718 387 3783 2,
406 3715 423 3770 7
442 3718 489 3788 (do
508 3719 693 3788 donationib.).
715 3739 738 3774 0.
758 3722 800 3776 20.
817 3718 850 3775 ’(1.
871 3724 897 3774 h.
912 3729 930 3775 t.
950 3721 988 3787 (5,
1006 3719 1052 3790 3.).

185 3788 214 3856 2)
237 3790 265 3841 O.
286 3789 327 3843 19.
346 3790 389 3843 20.
410 3791 438 3844 0.
458 3793 485 3843 h.
502 3799 521 3844 t.
541 3810 564 3845 o.
584 3792 609 3844 9.
630 3794 658 3846 O.
678 3791 758 3858 5,14
778 3791 824 3861 (da
842 3795 927 3864 pactis
947 3790 1105 3858 conventis).
1124 3795 1193 3847 Nor.
1211 3793 1257 3848 22.
1277 3794 1354 3850 020.

150 3862 337 3929 atpraesertim
356 3863 423 3915 Nor.
443 3860 485 3916 97.
504 3863 570 3916 0.1.
594 3865 662 3917 Nor.
684 3864 816 3919 91101.
843 3867 958 3934 deniquo
983 3866 1147 3917 lastinianus
1164 3867 1297 3930 00001011,
1323 3872 1356 3919 ut

152 3935 287 4002 naquarir
310 3933 408 3997 dotem,
425 3950 513 4003 neque
531 3937 626 3988 mulier
637 3937 810 3989 donationem
829 3942 891 3989 anto
900 3937 1005 4003 nuptias
1022 3937 1149 4000 lucretur,
1168 3937 1217 3989 sed
1235 3943 1268 3989 ut
1285 3940 1356 3990 libo-

151 4005 187 4056 ris
205 4007 259 4057 suis
278 4005 390 4072 propriis
408 4007 597 4074 proprietatem
616 4013 729 4074 serrant,
748 4010 812 4061 licet
830 4009 867 4060 ad
885 4007 1019 4062 secundas
1034 4009 1143 4076 nuptias
1158 4024 1214 4060 non
1230 4011 1356 4075 veniant,

151 4092 203 4128 usu
222 4078 280 4129 0010
299 4077 327 4127 in
344 4077 419 4128 lucro
439 4078 605 4130 consistente.

186 4143 214 4215 3)
236 4149 265 4201 O.
286 4148 357 4201 ac.
379 4145 405 4211 5,
427 4144 643 4214 1401011100.
666 4145 794 4201 97.0,1.
893 4148 923 4216 4)
942 4151 1010 4202 Nor.
1029 4148 1072 4202 61.
1091 4167 1114 4202 o.
1133 4149 1159 4204 1.

187 4215 214 4285 5)
235 4217 325 4273 (1.29.
345 4220 374 4271 O.
394 4217 418 4282 5,
438 4217 708 4286 lamentatos).
808 4218 836 4285 6)
857 4221 886 4273 (1.
905 4221 930 4273 9.
950 4221 979 4274 G.
999 4223 1084 4276 citro.
1103 4219 1145 4274 18.
1166 4221 1196 4273 0.
1216 4223 1289 4275 h.t.

186 4286 215 4355 7)
235 4293 303 4344 Nor.
323 4289 366 4343 98.
385 4307 408 4342 0.
427 4289 451 4342 1.
551 4289 580 4357 8)
600 4293 667 4344 Nor.
685 4290 728 4344 91.
749 4309 771 4344 0.
788 4291 813 4344 2.

188 4359 216 4426 9)
236 4363 266 4415 O.
286 4361 311 4414 8.
333 4363 355 4424 ἓ.
374 4359 463 4413 4.-7.
484 4362 512 4414 O.
531 4360 556 4426 5,
578 4359 613 4417 17
632 4360 679 4429 (do
698 4365 782 4430 poenis
798 4368 898 4417 temera
918 4356 1035 4428 divort).

169 4428 214 4496 10)
234 4433 264 4485 (t.
283 4432 309 4486 8.
329 4433 353 4495 ἓ.
370 4431 396 4486 4.
417 4433 460 4485 oit.
480 4429 666 4504 11001110.
686 4431 712 4486 8.
732 4435 756 4488 9.
