2804 4966
560 308 751 348 unruouoorro.
767 313 770 317 ·
938 310 940 314 ·
1224 302 1259 358 17

103 444 164 509 Sed
184 444 216 506 id
240 445 348 506 evenit
370 445 402 504 in
426 443 474 504 his
497 447 632 522 quatuor
653 441 721 503 lere
743 438 881 517 saeculis,
908 446 943 500 ut
962 441 1012 503 ius
1035 438 1067 503 in
1088 443 1164 504 artis
1189 442 1258 506 for-

61 565 139 609 mam
162 544 377 625 redigeretur,
402 549 433 604 et
455 543 690 605 accuratissime
713 546 745 603 et
760 539 1002 624 diligentissime
1024 559 1041 602 a
1064 539 1205 622 plurimis
1227 550 1259 607 et

61 647 259 730 gravissimis
281 646 360 707 viris
382 645 594 719 excoleretur,
618 643 696 705 adeo
712 641 848 722 quidem,
872 648 907 704 ut
917 642 1163 723 rurrsprudentra
1175 644 1258 726 apud

61 747 216 810 Romanos
239 745 277 808 ad
303 751 421 807 tantum
441 743 574 807 cultura>
599 743 757 825 fastigium
781 745 981 823 pervenerit,
1005 750 1155 824 quantum
1174 744 1257 858 apud

29 873 31 877 ·
61 846 181 909 nullum
204 863 340 926 unquam
363 845 459 907 alium
480 843 628 925 populum
647 861 714 905 eam
736 844 883 924 attigisse
905 842 1060 905 videmus.

86 946 203 1029 §.56
241 946 302 1009 lam
327 944 489 1008 Ciceronis
511 951 652 1025 tempore
674 942 768 1006 Roma
793 944 889 1005 totius
910 951 1064 1006 terrarum
1088 945 1174 1007 orbis
1196 945 1258 1009 do-

60 1049 219 1124 minatrix,
245 1046 413 1109 discordiis
435 1045 537 1121 fessa,
558 1045 708 1130 libertato
740 1061 796 1108 sua
819 1043 980 1121 destituta,
1001 1048 1174 1125 potentium
1196 1047 1259 1106 im-

60 1150 151 1228 perio
171 1147 348 1209 succubuit.
404 1147 611 1226 Imperatores
639 1161 861 1225 nonnunquam
891 1162 1008 1207 summa
1037 1145 1193 1226 probitate
1223 1163 1260 1207 ac

61 1247 233 1328 prudentia
254 1247 477 1328 rempublicam
497 1246 726 1328 gubemabarlt,
747 1246 918 1326 sepissime
945 1250 1047 1308 autem
1071 1248 1208 1327 pessime
1231 1252 1263 1310 et

60 1347 282 1410 crudelissime
302 1348 488 1429 regnabant,
514 1352 545 1408 et
565 1348 687 1427 imperii
711 1345 884 1427 populique
910 1345 1064 1408 excidium
1095 1347 1260 1409 accelera-

58 1447 144 1509 bant.
188 1446 325 1527 Populus
345 1449 413 1528 ipse
433 1447 660 1530 degeneravit,
678 1446 817 1511 „luxuria
845 1453 952 1524 aucta,
977 1447 1111 1526 antiquae
1134 1448 1260 1510 virtutis
1285 1460 1286 1467 ’

58 1549 176 1610 robore
205 1549 361 1610 exstincto
368 1595 379 1630 ,
403 1565 493 1610 omne
517 1548 666 1609 vitiorum
689 1564 793 1630 genus
818 1564 981 1632 romanum
1014 1565 1127 1610 nomen
1149 1548 1259 1628 inqui-

59 1649 159 1711 navit.
197 1647 319 1710 Fracta
343 1654 445 1712 autem
473 1649 607 1723 virtuto,
640 1646 844 1710 fortissimum
874 1647 1057 1730 reipublicae
1081 1648 1259 1728 praesidium

59 1747 286 1836 detractum1).
326 1760 328 1764 ’

104 1848 196 1929 557.
238 1849 334 1910 Artes
358 1854 461 1911 ta'men
485 1856 517 1912 et
540 1851 639 1911 omnis
665 1848 734 1911 lere
765 1849 894 1932 generis
924 1845 1105 1931 disciplinas
1138 1822 1261 1912 interea

61 1949 193 2010 Romani
217 1946 323 2010 colere
347 1956 528 2030 coeperunt,
562 1966 680 2029 easque
701 1951 872 2029 precipue,
897 1966 966 2029 quae
987 1967 1056 2018 cum
1079 1950 1218 2031 populi
1209 1968 1260 2012 rn-

63 2048 160 2130 genio
187 2049 419 2131 congruebant,
447 2067 597 2130 'quasque
627 2048 728 2111 libere
759 2049 900 2129 proliteri
930 2049 988 2112 sub
1019 2048 1261 2131 imperatoribus

62 2148 187 2210 licebat.
232 2148 266 2210 ln
289 2148 337 2211 bis
359 2150 438 2212 iuris
461 2150 563 2212 civilis
586 2151 717 2212 maxime
741 2151 856 2231 privati
877 2151 1007 2213 scientia
1027 2170 1099 2214 mox
1119 2151 1260 2232 reliquas

61 2267 171 2312 omnes
194 2253 366 2330 superavit.
412 2249 518 2313 Gloria
541 2267 657 2312 summa
680 2268 864 2334 magnorum
886 2252 1025 2314 virorum
1048 2253 1080 2313 in
1098 2253 1178 2314 iuris
1200 2270 1262 2333 pe-

62 2351 133 2412 ritia
153 2351 264 2430 posita.
309 2349 437 2413 Romani
472 2353 520 2413 ius
536 2369 640 2413 suum
663 2369 784 2414 summo
804 2352 932 2415 fervore
961 2353 1260 2434 complectebantur,

62 2452 184 2513 veteris
208 2449 364 2514 libertatis
389 2451 497 2514 decus.
542 2452 675 2533 Operam
704 2453 957 2534 iurisprudentes
988 2471 1051 2515 non
1082 2459 1200 2516 tantum
1229 2455 1262 2515 in

65 2553 170 2614 causis
194 2551 321 2614 orandis
343 2558 528 2633 posuerunt,
550 2538 606 2616 sed
620 2556 698 2616 miro
720 2554 852 2634 quodam
875 2554 972 2617 studii
985 2554 1111 2617 stimulo
1132 2556 1263 2632 incitati,

64 2651 98 2713 id
122 2651 302 2728 tendebant,
327 2657 361 2713 ut
374 2653 424 2714 ius
447 2653 541 2716 civile
563 2655 692 2736 ingenio
705 2672 763 2716 suo
785 2654 972 2741 adiuvarent
994 2661 1025 2717 et
1040 2655 1264 2736 iurispruden-

64 2753 138 2814 tiam
162 2757 221 2814 tam
248 2752 402 2829 docendo,
424 2771 514 2834 quam
537 2755 706 2818 scribendo
727 2761 883 2837 augerent
904 2762 935 2818 et
959 2761 1119 2818 ornarent.
1174 2754 1265 2818 Groe-

65 2870 173 2915 corum
187 2853 384 2934 philosophia
401 2854 592 2936 litterisque,
616 2861 647 2917 et
663 2856 799 2918 omnium
821 2858 933 2918 artium
956 2856 1159 2919 honestarum
1182 2873 1264 2938 cog-

66 2955 187 3016 nitione
217 2953 338 3029 imbuti,
363 2954 402 3016 ad
418 2972 496 3034 opus
520 2974 592 3018 sese
617 2955 829 3032 contulerunt,
852 2955 961 3018 subtili
975 2945 1116 3038 ingenio,
1138 2957 1170 3018 in
1194 2962 1263 3018 arte
1311 2976 1315 2986 ·

65 3059 116 3117 ius
139 3055 346 3135 componendi
379 3062 410 3117 et
432 3056 601 3120 artificiose
623 3057 834 3138 pertractandi
857 3057 1080 3133 versatissimi,
1109 3055 1264 3138 singulari

66 3155 214 3218 methodo
236 3155 404 3236 pollentes,
430 3157 581 3220 doctrinae
605 3157 721 3221 lumina
742 3161 773 3220 in
796 3177 903 3221 omnes
926 3175 978 3220 res
1001 3157 1210 3238 quotidianas,
1233 3157 1265 3218 in

66 3256 200 3319 mediam
226 3257 421 3337 quasivitam
445 3258 612 3336 inferendi,
638 3259 745 3342 legum
762 3265 945 3342 argumenta
961 3260 1141 3321 acutissime
1163 3259 1265 3319 inter-

67 3357 211 3437 pretandi
233 3362 264 3419 et
287 3375 326 3418 ex
349 3358 439 3421 iactis
464 3379 500 3422 ac
522 3360 746 3440 questionibus
761 3361 958 3442 gravissimis
982 3357 1178 3432 illustrandi3
1202 3375 1264 3438 quo

66 3457 274 3534 factumest,
305 3465 340 3520 ut
372 3461 463 3522 omne
498 3463 547 3523 ius
575 3461 832 3542 iurisprudentia*
856 3459 1007 3522 cancellis
1038 3459 1264 3532 contineretur,

68 3556 215 3638 adeoque
239 3576 277 3621 eo
300 3560 465 3623 nobilitato
480 3563 511 3623 in
533 3561 657 3624 iudiciis
683 3567 714 3624 et
736 3561 918 3642 quotidiano
932 3577 991 3622 usu
1013 3559 1081 3622 sola
1094 3560 1172 3621 iuris
1187 3575 1267 3639 per-

67 3655 149 3718 lecta
171 3658 313 3737 scientia,
336 3662 412 3723 iera
434 3662 499 3725 hec
515 3680 567 3725 ars
581 3662 656 3725 boni
671 3667 703 3724 et
724 3663 817 3742 aequi,
834 3679 972 3744 regnare
984 3660 1158 3722 videretur.
1188 3657 1265 3720 Dis-

67 3757 164 3836 cipuli
193 3761 360 3842 magistros
385 3779 556 3843 superare,
580 3769 612 3825 et
633 3761 880 3844 iurisprudentia
904 3759 1066 3842 usquead
1089 3757 1263 3822 Alexandri

66 3857 179 3920 Severi
203 3865 365 3942 tempora,
400 3863 437 3925 ab
468 3863 709 3944 imperatoribus
740 3862 925 3943 quibusdam
948 3860 1063 3936 adiuta,
1084 3869 1210 3939 semper
1231 3858 1264 3919 in

66 3956 162 4020 altius
187 3965 297 4024 evecta
319 3969 378 4024 est.
433 3962 499 4026 Soli
523 3963 591 4025 lere
613 3961 834 4026 lurisconsulti
865 3962 985 4044 linguae
1007 3959 1113 4022 latinae
1135 3957 1266 4019 urbani-

66 4062 162 4120 tatem
185 4060 416 4124 conservabant
445 4080 503 4143 per
533 4062 612 4124 banc
632 4067 771 4142 aetatem,
801 4079 870 4124 cum
890 4059 1063 4141 undique
1054 4076 1114 4121 ram
1135 4059 1167 4118 in
1190 4055 1266 4162 orbe

66 4175 197 4222 romano
219 4159 380 4257 barbaries
405 4163 544 4244 grassari
565 4162 765 4248 coepissetl).

104 4341 132 4410 1)
150 4344 269 4396 Mirabili
287 4349 345 4397 arte
374 4345 445 4395 hanc
462 4343 618 4409 reipublicae
635 4343 839 4396 conversionem
859 4342 981 4410 depinxit
997 4339 1106 4395 Tacitus
1126 4336 1268 4392 induant.-

64 4417 114 4468 lib.
132 4417 155 4468 Ι.
175 4413 199 4466 1.
222 4415 350 4470 Holta‘ua
369 4413 393 4476 ἓ
405 4411 575 4469 boo—oto

101 4482 129 4554 2)
151 4485 205 4538 cfr
222 4487 253 4538 L.
278 4486 373 4553 Vetto,
391 4487 438 4539 lib
446 4483 463 4577 3
483 4485 516 4540 de
536 4487 680 4554 elegantiis
699 4488 812 4552 la'apuce
817 4488 922 4543 totino.
941 4480 1089 4546 Hatsiun&
1098 4476 1248 4536 618-635.
