2804 4966
602 325 793 370 iuraooucrro.
1253 321 1289 376 35

140 464 169 541 ξ.
192 456 261 520 116.
306 455 367 519 Sed
379 462 443 517 turn
455 456 576 519 denum
600 459 797 521 consuetudo
819 457 902 541 legis
925 459 1017 522 nabet
1042 464 1197 545 vigorem,
1220 483 1289 528 curn

97 566 238 636 constet,
261 578 326 621 eam
349 577 406 640 pro
430 560 508 621 iuris
530 561 641 642 regula
665 577 723 640 per
746 559 875 642 longum
899 567 1021 642 ternpus
1042 566 1153 627 iisdem
1166 568 1197 628 in
1212 587 1290 631 cau-

96 663 142 723 sis
166 661 266 722 fuisse
298 660 513 735 observatam,
545 678 604 721 nec
627 678 666 725 cu
687 666 793 723 contra
816 661 915 723 bonos
936 680 1039 727 mores
1062 666 1114 728 vcl
1137 669 1288 734 rationem

97 762 282 848 offendam).

139 867 169 946 ξ.
183 863 252 926 117.
297 863 365 935 Pari
385 862 476 924 modo
490 879 548 941 pro
570 861 644 944 lege
663 863 712 924 ius
733 880 790 942 per
811 862 932 925 iudices
951 869 1112 942 receptum
1134 864 1290 927 observa-

96 967 158 1039 tur,
183 969 213 1024 ct
233 964 264 1023 in
286 962 552 1046 ambiguitatibus,
566 979 635 1045 quae
651 980 691 1023 ex
705 961 831 1047 legibus
846 961 1098 1042 proficiscuntur,
1120 966 1182 1026 vini
1206 963 1288 1049 legis

95 1065 225 1140 obtinet,
249 1062 374 1143 quando
397 1061 610 1130 confirmatam
632 1068 682 1125 est
704 1076 817 1134 rerum,
832 1068 986 1144 perpetuo
1007 1064 1287 1139 sinilltorindica-

96 1170 195 1226 tarum
218 1162 452 1243 auctoritatell.
1172 1187 1174 1194 ·

225 1354 293 1405 TIT.
313 1354 360 1404 ΠΙ.
397 1352 445 1402 DE
464 1349 560 1403 unns
579 1349 736 1404 aucuns
756 1353 804 1402 AD
823 1351 1002 1405 SINGULAS
1021 1352 1158 1407 CAUSAS

529 1439 859 1493 accouuobnubls.

139 1582 169 1660 ξ.
184 1576 255 1640 118.
300 1573 520 1635 Iurisconsulti
543 1580 609 1649 est,
643 1576 692 1635 ius
720 1577 833 1651 causis,
860 1593 918 1656 pro
941 1572 1063 1655 qnibns'
1082 1576 1292 1640 introductum

98 1684 159 1754 est,
184 1672 429 1738 accommodare.
453 1673 486 1734 ln
512 1691 574 1754 quo
592 1680 694 1737 autern
716 1691 846 1737 munere
868 1674 1030 1756 iungendo
1052 1681 1118 1738 arte
1142 1695 1222 1758 opus
1245 1667 1293 1740 e'st

95 1784 128 1838 ει
151 1777 290 1858 perlecta
314 1780 376 1834 tum
400 1775 490 1849 iuris,
513 1780 576 1835 turn
603 1792 707 1836 rerum
731 1775 932 1837 humanarum
958 1778 1148 1858 cognitione.
1172 1778 1293 1841 Utimur

96 1884 202 1940 autern
225 1879 295 1939 iure
316 1875 368 1937 vel
395 1875 468 1958 lege
489 1877 521 1936 in
544 1874 594 1937 his
616 1875 741 1950 causis,
762 1875 800 1937 ad
823 1891 901 1954 quas
924 1875 1138 1956 principaliter
1160 1883 1290 1957 spectat.

97 1977 159 2042 Sed
184 1995 253 2039 cum
275 1994 379 2058 neque
401 1975 493 2059 leges
523 1993 626 2056 neque
649 1978 717 2038 iura
740 1976 782 2037 ita
803 1976 925 2055 possint
954 1976 1049 2037 scribi
1072 1983 1104 2039 et
1132 1979 1291 2054 constitui,

97 2084 134 2139 ut
155 2095 263 2140 ornnes
290 2095 393 2153 casus,
421 2077 474 2157 qui
486 2074 676 2156 quandoque
698 2073 878 2151 inciderint,
904 2075 935 2136 in
959 2076 998 2137 iis
1021 2075 1293 2156 comprehendan-

98 2183 170 2253 tnr3
205 2179 231 2239 is
256 2179 310 2259 qui
332 2177 541 2241 iurisdictioni
573 2180 706 2256 praeest,
736 2175 790 2236 ubi
827 2172 910 2258 legis
940 2176 1094 2237 sententia
1128 2177 1293 2239 manifesta

102 2285 163 2356 est,
188 2279 225 2341 ad
248 2278 361 2340 sirnilia
383 2278 476 2340 debet
497 2275 683 2360 procedere,
708 2281 739 2336 et
758 2274 883 2355 quando
908 2275 1006 2338 semel
1032 2275 1151 2356 aliquid
1173 2276 1295 2340 utiliter

95 2385 245 2444 statutum
258 2385 317 2455 est,
337 2384 467 2463 propter
480 2395 587 2459 parem
602 2377 754 2441 rationein
768 2375 849 2437 idern
871 2376 921 2437 ius
942 2377 1095 2439 similibus
1117 2376 1220 2440 causis
1234 2377 1293 2440 ad-

98 2481 220 2543 bibere.
275 2479 347 2541 Haec
380 2477 548 2559 applicatio
578 2476 671 2539 hodie
700 2493 784 2557 saepe
809 2476 892 2537 utilis
920 2478 989 2538 sive
1013 2478 1175 2539 extensive
1195 2478 1293 2540 inter-

98 2582 244 2662 prelatio,
266 2579 319 2643 vel
340 2579 502 2658 onolopico
522 2578 600 2638 iuris
623 2575 785 2655 productio
806 2582 938 2640 vocatur
951 2577 991 2664 ³).
1043 2577 1095 2639 lus
1117 2579 1291 2662 singulare,

97 2689 207 2747 contra
229 2683 383 2744 rationem
405 2681 484 2743 iuris
507 2678 729 2753 introductum,
756 2683 882 2740 nonest
905 2677 1139 2759 producendum
1160 2679 1199 2742 ad
1214 2670 1293 2742 con-

97 2784 291 2862 sequentias,
315 2783 428 2843 necin
452 2779 607 2843 similibus
631 2780 735 2840 causis
760 2778 879 2841 obtinet
892 2778 931 2866 ⁴).

139 2888 168 2967 ξ.
187 2884 257 2947 119.
300 2883 411 2963 Neque
437 2883 593 2944 tamenin
617 2880 761 2957 casibus,
790 2898 847 2961 pro
873 2882 987 2962 quibus
1019 2882 1072 2943 lex
1091 2882 1208 2962 scripta
1233 2886 1292 2958 est,

96 2989 227 3066 propter
250 2984 349 3046 solani
361 2988 535 3045 cessantem
559 2987 628 3045 cius
648 2976 813 3059 rationein,
838 3001 904 3045 earn
916 2983 1014 3064 ipsam
1031 3000 1158 3046 cessare
1180 2982 1293 3045 dicen-

97 3085 187 3159 du1n3
216 3102 285 3145 narn
308 3101 370 3146 non
394 3084 546 3159 omnium,
581 3099 650 3162 quae
681 3102 697 3144 a
723 3082 893 3144 maioribus
914 3084 1083 3145 constituta
1106 3089 1188 3162 sunt,
1213 3085 1293 3148 ratio

97 3185 191 3248 reddi
213 3191 329 3266 potest,
353 3203 457 3265 neque
481 3184 572 3247 nobis
596 3184 671 3247 lieet
695 3204 743 3261 ea,
767 3202 836 3265 quae
852 3190 1032 3262 certasunt,
1056 3186 1292 3272 subverterei),

99 3293 132 3349 et
150 3286 241 3370 leges
264 3305 328 3348 non
350 3288 482 3365 ratione,
505 3291 635 3367 propter
662 3303 753 3366 quarn
784 3285 854 3348 latae
876 3291 965 3362 sunt,
994 3304 1052 3349 nos
1079 3292 1204 3364 tenent,
1236 3286 1291 3349 sed

98 3388 271 3462 sanctione,
295 3404 355 3467 qua
378 3387 572 3449 muniuntur.

181 3594 223 3645 Fr.
243 3589 285 3645 35.
306 3589 349 3642 39.
368 3591 403 3640 Ι).
425 3591 451 3640 h.
470 3596 488 3641 t.
507 3607 529 3642 o.
551 3589 575 3642 1·
595 3588 619 3640 2.
640 3590 669 3641 O.
689 3591 715 3640 li.
734 3595 753 3640 t.
786 3590 852 3640 Nou.
875 3587 934 3641 134.
954 3606 976 3641 c.
997 3590 1021 3642 1.
1039 3594 1095 3644 inf.

608 3657 635 3725 3)
654 3662 697 3711 Fr.
717 3658 828 3712 10-15.
851 3663 883 3712 D.
903 3662 930 3710 h.
953 3667 970 3712 ι.

184 3736 229 3785 Fr.
247 3731 359 3785 14-16.
379 3734 412 3782 D.
432 3733 458 3782 h.
478 3737 496 3782 ι.
516 3731 546 3782 ir.
572 3727 630 3781 141.
653 3732 685 3780 D.
707 3730 740 3783 de
760 3748 814 3796 reg.
835 3732 884 3783 iur·
904 3728 1034 3800 (50,17).

184 3806 226 3855 Fr.
249 3801 362 3857 20-23·
383 3805 416 3853 D.
436 3804 462 3852 h.
480 3808 498 3853 t.
