2804 4966
568 333 647 389 tisun
666 333 685 374 t.
705 332 763 374 oar.
783 333 826 375 ιιι.
1258 323 1294 377 45

92 463 197 524 vitute
220 479 290 523 eum
319 461 418 525 fuisse
441 471 472 524 et
501 468 610 543 postea
638 464 860 539 manumissum
886 477 978 525 esse:
1011 463 1184 543 sepissime
1210 465 1291 525 eninr

92 564 298 627 constitutum
322 570 381 640 est,
404 547 566 626 natalibus
581 581 644 626 non
669 562 797 626 officere
818 563 1091 627 manumissionem
1104 564 1144 650 ¹).

107 671 111 676 ’
138 666 169 745 §-
183 664 253 730 155.
299 662 374 726 Cum
398 663 615 726 libertinorum
639 664 776 727 conditio
797 665 829 725 in
854 665 952 726 variis
971 666 1048 725 iuris
1071 663 1212 725 articulis
1228 664 1293 726 -de-

92 768 195 828 terior
217 770 312 840 esset,
336 781 427 844 quam
449 766 679 846 ingenuorum,
708 764 898 826 iustinianus
929 767 960 826 in
981 764 1114 827 Novella
1136 766 1293 827 constitu-

93 869 181 930 tione
202 890 326 928 uxrvrn.
349 883 416 944 eap.
438 865 467 926 1.
492 866 643 926 sancivit:
674 871 708 925 ut
737 870 824 927 reete
854 865 1052 940 manumissi,
1081 867 1292 947 ingenuorum

91 968 133 1030 ad
155 969 265 1042 instar,
297 967 346 1027 ius
367 981 535 1027 aureorum
558 963 745 1026 annulorum
768 970 800 1026 et
821 965 1031 1026 restitutionis
1056 963 1204 1027 natalium
1225 970 1294 1027 sta-

93 1071 151 1130 tim
175 1068 347 1129 haberent:
372 1069 447 1147 quin
471 1073 573 1129 tamen
596 1056 670 1129 inite
691 1069 760 1129 iura
785 1074 987 1149 patronorum
1009 1068 1211 1130 lederentur.

570 1324 816 1335 ——.-.

557 1587 560 1595 ·
630 1555 697 1617 ott.
717 1556 767 1617 tlt

216 1734 280 1800 DE
303 1734 376 1804 HIS
401 1734 481 1817 QUI
502 1735 576 1804 SUI
596 1728 684 1800 VEL
705 1733 858 1802 ALIENI
877 1733 996 1816 IURIS
1016 1732 1132 1802 SUNT
1147 1723 1186 1822 1).

255 1910 324 1990 ’.[ῘΙΤ.
335 1912 355 1962 1.
392 1913 441 1962 DE
458 1910 670 1963 Pouustnutt
687 1910 912 1970 DOMINORUM
932 1911 970 1963 IN
989 1908 1137 1963 SERVOS.

141 2060 172 2139 ἓ.
187 2059 258 2124 156.
304 2060 452 2140 Sequitur
475 2063 514 2124 de
535 2065 604 2124 iure
616 2079 822 2142 personarum
835 2063 895 2123 alia
909 2062 1023 2125 divisio
1035 2080 1043 2135 ;
1065 2078 1134 2123 nam
1157 2059 1297 2140 quaedam

94 2160 146 2221 sui
169 2161 248 2222 iuris
271 2166 362 2237 sunt,
395 2163 535 2242 quaedam
555 2163 670 2247 'alieno
702 2163 764 2223 iuri
788 2161 988 2250 suhieetae³).
1044 2161 1098 2225 Sui
1122 2162 1201 2223 iuris
1224 2163 1297 2221 sunt

95 2267 203 2341 patres
228 2260 280 2323 vel
302 2262 461 2342 principes
497 2261 682 2324 familiarum
713 2268 745 2324 et
773 2261 897 2324 feminae
925 2263 957 2323 in
994 2261 1115 2323 nullius
1139 2266 1295 2342 potestate

95 2363 292 2423 constitute:
315 2361 389 2424 ideo
411 2367 515 2424 autem
536 2364 586 2423 sui
607 2363 686 2423 iuris
712 2362 871 2437 dicuntur,
895 2362 990 2442 quod,
1022 2359 1141 2424 nullius
1163 2362 1296 2442 imperio

98 2461 234 2524 subiecti
255 2463 316 2541 ipsi
340 2461 400 2523 sibi
422 2463 491 2523 iura
515 2462 629 2538 habent
658 2469 752 2542 atque
786 2463 885 2525 bona:
917 2462 989 2524 dum
1017 2463 1071 2540 qui
1092 2461 1186 2523 alieni
1212 2463 1294 2524 iuris

97 2567 181 2637 sunt,
203 2578 263 2622 neo
286 2561 365 2623 alios
395 2562 452 2623 sub
472 2569 630 2642 potestate
653 2580 727 2639 sua,
750 2581 810 2624 nee
832 2563 1050 2644 patrimonium
1073 2562 1191 2624 habere
1216 2580 1295 2642 pos-

98 2666 184 2736 sunt,
205 2666 236 2722 et
257 2659 321 2722 illis
345 2667 462 2722 tanturn
485 2662 662 2741 acquirunt,
684 2679 818 2742 quorum
840 2661 898 2722 suh
922 2667 1077 2742 potestate
1101 2666 1183 2723 sunt.

140 2765 170 2842 ᾖ.
183 2762 253 2845 167.
298 2759 360 2824 Sed
382 2777 494 2822 rursus
518 2779 624 2823 earum
647 2779 872 2841 personarum,
908 2779 979 2842 quae
1003 2762 1107 2824 alieno
1132 2762 1193 2824 iuri
1216 2762 1296 2824 suh-

98 2861 191 2922 ieetae
214 2865 299 2936 sunt,
321 2859 391 2920 aliae
413 2860 445 2920 in
468 2867 625 2941 potestate
647 2862 841 2924 dominorum
862 2868 953 2938 sunt,
987 2861 1056 2924 aliae
1075 2863 1108 2924 in
1138 2869 1295 2944 potestate

96 2959 308 3041 parentant).
352 2961 535 3040 Antiquitas
559 2963 691 3043 insuper
713 2963 784 3025 aliae
808 2964 841 3025 in
862 2980 965 3040 manu,
998 2963 1067 3025 aliae
1088 2965 1120 3026 in
1142 2967 1296 3046 mancipio

95 3061 249 3147 erant⁵);
280 3061 312 3122 in
335 3076 426 3122 manu
449 3059 620 3138 mulieres,
653 3079 723 3142 quae
751 3065 782 3124 in
804 3081 926 3125 manum
959 3071 1173 3126 convenerant
1197 3065 1296 3127 veluti

94 3167 200 3231 mariti
211 3168 257 3253 6);
282 3167 313 3226 in
338 3167 491 3246 mancipio
514 3166 623 3228 liberae
645 3184 826 3246 personaea
853 3175 982 3249 parente
1005 3167 1057 3229 vel
1080 3186 1097 3228 a
1121 3166 1296 3251 coemptio-

95 3253 210 3330 natore
239 3266 293 3328 alii
316 3267 551 3354 manciparat).
608 3267 683 3329 Cum
714 3270 886 3332 novissimo
909 3271 979 3331 iure
1006 3286 1110 3349 neque
1141 3268 1172 3328 in
1203 3284 1295 3330 mauu

94 3386 207 3450 neque
237 3372 268 3433 in
294 3373 448 3453 mancipio
473 3372 637 3452 quisquam
661 3373 712 3449 sit,
734 3373 773 3435 de
796 3374 899 3434 servis
923 3378 955 3433 et
977 3371 1016 3434 de
1037 3364 1302 3432 filiissmnilinrum'

99 3477 221 3532 tantum
245 3471 446 3552 dispiciamus
460 3473 501 3559 ⁸).
1122 3556 1124 3563 Α

109 3592 113 3601 ’
143 3570 261 3652 5158.
307 3572 477 3635 Servorum
501 3574 582 3654 apud
598 3573 753 3636 Romanos
777 3572 914 3635 conditio
928 3570 998 3634 aliis
1020 3569 1213 3652 temporibus
1235 3568 1296 3631 alia

97 3671 170 3733 suit.
214 3671 444 3752 Antiquissima
475 3680 566 3737 aetate
591 3674 742 3737 infinitum
771 3679 838 3736 erat
860 3673 975 3736 domini
1006 3674 1037 3733 in
1071 3689 1166 3734 servo
1193 3671 1295 3750 impe-

133 3935 161 4002 1)
182 3938 237 3989 Nee
255 3940 408 4009 tamenlqui
426 3955 455 3992 se
474 3955 578 3992 servum
597 3939 719 3992 vendidit
737 3938 773 3990 ad
798 3942 894 3991 statum
913 3953 992 3990 suum
1009 3940 1148 3991 revertitur
1172 3935 1221 3990 sed
1240 3937 1294 3988 eifl-

95 4010 166 4060 oitur
183 4009 317 4061 libertino·
329 4011 495 4063 eonditionis.
514 4015 545 4064 fr.
565 4011 607 4064 21.
627 4013 660 4062 D.
680 4010 706 4074 1,
725 4007 742 4062 5
760 4008 810 4077 (nt
828 4007 890 4076 eit).
914 4007 979 4077 (cfr.
998 4008 1021 4070 ἓ.
1039 4008 1110 4077 147).

133 4079 162 4167 2)
181 4082 244 4132 Inst.
265 4082 290 4145 1,
311 4080 335 4133 8.
362 4084 395 4133 Ι).
415 4082 477 4146 1,6
503 4079 549 4149 (de
576 4083 617 4135 his
636 4083 682 4151 qui
707 4084 746 4134 sui
765 4083 809 4134 vel
826 4082 907 4135 alieni
923 4082 988 4134 iuris
1007 4078 1085 4149 sunt).
1122 4080 1184 4146 Ulp.
1203 4081 1241 4130 tit.
1260 4077 1293 4127 V.

96 4151 161 4286 (4831)
175 4149 345 4276 11411111.
373 4224 432 4276 Gai.
453 4225 478 4281 1.
498 4223 521 4282 §-
538 4221 582 4278 49.

131 4290 616 4360 4)1>r.1.h.t.fr..1.2.1›.nr.
717 4291 745 4358 5)
765 4295 824 4348 oar.
844 4295 864 4345 1.
883 4294 906 4354 s.
924 4291 968 4348 48.

132 4363 160 4430 6)
181 4366 240 4419 Gai.
260 4365 284 4420 1.
303 4367 326 4428 ἓ.
345 4366 493 4423 108-115.
524 4365 642 4433 Ulptit.
661 4365 708 4417 tx.
743 4361 771 4433 7)
796 4365 856 4418 oar.
875 4366 900 4418 1.
917 4367 941 4426 ὃ.
961 4365 1109 4422 116-123.
1127 4365 1191 4434 Ulp.
1210 4363 1293 4415 trax.
1385 4407 1387 4411 ,

95 4506 111 4566 g
132 4434 281 4564 8277014(ὲέ
295 4441 447 4495 conditione
465 4453 648 4509 personarum,
667 4453 731 4505 quae
743 4439 771 4490 in
789 4453 871 4489 manu
888 4440 1055 4507 menoipiove
1074 4443 1165 4492 erant:
1189 4434 1295 4488 Walter
