2804 4966
490 341 571 379 ursum
583 341 614 384 rr.
632 341 699 380 rrae
711 343 730 380 r.
750 342 807 381 cur.
822 343 855 382 rr.
1119 316 1129 339 ⁸
1220 338 1269 392 101

64 496 131 542 non
152 474 313 551 ceciderit,
335 489 404 535 cum
416 473 527 553 utique
549 471 655 548 heres,
681 475 733 554 qui
747 475 903 537 bonafide
920 474 1004 539 illam
1021 482 1166 559 tanquam
1180 497 1268 544 suam

65 576 267 653 alienaverit,
290 575 407 638 lurtum
427 591 491 637 non
514 575 683 637 committat
694 576 732 661 ¹).

109 681 144 743 Si
166 674 334 740 immobilis
354 691 406 738 res
429 675 532 738 aliena
552 675 591 737 ab
616 682 767 739 extraneo
779 676 998 741 fraudulenter
1013 680 1148 744 alienata
1161 682 1267 760 luerit,

68 781 232 845 nesciente
248 777 385 854 domiuo,
410 795 449 840 ex
465 794 547 840 nova
560 777 723 840 Iustiniani
741 779 965 842 constitutione
990 780 1084 866 (Nou.
1098 782 1169 847 119.
1184 803 1211 845 c.
1225 786 1269 872 i'.)

66 881 223 961 usucapio
248 877 351 942 locum
374 894 438 939 non
462 877 567 940 lrabet.

108 982 194 1045 Vitio
214 981 263 1043 rei
281 984 417 1062 purgato
440 995 546 1041 rerum
568 977 755 1041 furtivorum
774 978 827 1041 vol
840 979 872 1040 vi
884 996 1105 1059 possessarum
1118 987 1271 1067 usucapio

71 1082 231 1168 procedit,
254 1081 287 1143 lr.
311 1098 339 1143 e.
362 1078 487 1160 quando
509 1079 541 1141 in
562 1080 678 1142 domini
701 1083 887 1160 potestatem
909 1098 1050 1145 reversae
1069 1084 1191 1171 sonti).

110 1188 143 1268 ξ.
157 1183 231 1248 360.
275 1180 411 1262 Usucapi
432 1180 548 1243 deinde
570 1198 623 1243 rcs
645 1198 707 1242 non
723 1186 866 1260 possunt,
889 1198 1020 1261 quarum
1034 1182 1183 1247 alienatio
1197 1185 1271 1267 lege

69 1291 118 1349 est
139 1281 310 1366 prohibita,
334 1279 435 1343 veluti
448 1298 502 1343 res
524 1281 657 1356 dotales,
683 1298 762 1361 quas
782 1283 912 1343 maritus
936 1283 1052 1345 iniusto
1069 1283 1221 1348 alienavit
1232 1288 1270 1373 ³),

68 1385 121 1449 vel
132 1402 187 1448 res
207 1382 408 1459 filiifamilias,
420 1398 499 1462 quas
511 1399 551 1443 cx
567 1380 694 1462 peculio
708 1382 777 1443 eius
789 1381 961 1477 adventitio
974 1388 1063 1464 pater
1076 1383 1270 1475 distraxit4),

68 1491 142 1551 item
165 1502 244 1566 quas
267 1484 406 1547 alienare
427 1483 585 1545 tutoribus
607 1484 639 1544 in
661 1488 846 1545 testamento
864 1489 954 1563 pater
967 1485 1141 1561 interdixit,
1165 1492 1197 1547 et
1218 1507 1270 1551 res

70 1584 316 1667 fideicommisso
338 1584 488 1668 legatove
519 1582 740 1671 suppositaet).
786 1582 860 1645 ltem
889 1586 1019 1665 usucapi
1048 1603 1110 1647 non
1139 1596 1271 1666 possunt
1307 1584 1313 1602 “

69 1704 122 1751 res
144 1685 252 1772 escit)
274 1685 326 1748 vel
346 1686 510 1767 principis,
534 1684 738 1748 ecclesiarum
763 1685 973 1766 domuumque
995 1686 1272 1775 venerabilium).

68 1788 217 1868 Denique
239 1791 271 1850 et
290 1787 444 1849 minorum
464 1785 720 1867 pupillorumque
740 1804 793 1848 res
816 1788 932 1849 iniuste
950 1789 1102 1865 alienatae,
1128 1788 1271 1850 obnoxie

69 1906 132 1952 non
156 1892 232 1949 sunt
253 1887 342 1971 longi
356 1889 504 1968 temporis
516 1888 754 1968 praescriptioni,
781 1904 855 1949 cura
879 1887 1016 1950 tutclave
1033 1888 1218 1950 durantibus
1231 1890 1269 1974 ⁸).

113 1992 144 2073 ξ.
157 1988 231 2053 361.
275 1986 329 2050 lle
361 2004 413 2048 res
448 2003 556 2049 ornnes
580 1992 684 2049 autem
707 2006 765 2067 per
788 1986 966 2070 longissimi
990 1989 1139 2068 temporis
1162 1976 1275 2067 *pres-

71 2092 258 2172 criptionem
289 2088 380 2151 nobis
412 2089 635 2168 acquiruntur,
663 2088 868 2168 similiterque
898 2105 959 2164 eae,
992 2104 1070 2168 quas
1099 2089 1168 2150 sine
1190 2089 1273 2151 iusto

70 2192 165 2256 titulo
187 2190 388 2272 precedente
409 2189 607 2270 possidemus
621 2188 660 2276 ⁹).
704 2189 786 2250 Fisci
805 2194 907 2251 tamen
930 2207 981 2250 res
1001 2194 1034 2250 et
1054 2188 1272 2266 ecclesiarum,

68 2296 145 2356 item
165 2287 359 2373 pupillorum
378 2291 465 2381 intra¹
482 2289 689 2373 quadraginta
711 2308 809 2353 annos
831 2292 996 2370 capiuntur
1019 2308 1091 2352 usu.
1125 2289 1187 2351 Res
1209 2291 1271 2353 do-

69 2392 152 2455 tcles
175 2408 254 2454 vero
275 2388 328 2452 vel
351 2408 392 2452 ex
412 2388 539 2470 peculio
562 2388 732 2452 adventitio
754 2388 906 2466 alienatae,
929 2390 1061 2452 durante
1076 2392 1272 2454 matrimonio

70 2491 125 2555 vel
148 2492 248 2573 patria
270 2495 436 2570 potestate,
459 2508 564 2571 neque
585 2510 644 2573 per
669 2491 885 2574 longissimum
909 2497 1031 2572 tempus
1055 2492 1273 2571 acquiruntur.

69 2592 148 2656 Nam
171 2593 203 2655 in
224 2591 273 2653 his
294 2590 457 2672 generalis
484 2590 538 2653 illa
561 2592 674 2674 regula
702 2593 906 2654 observatur:
938 2598 1065 2669 „contro
1093 2608 1186 2671 opero
1207 2610 1271 2653 non

70 2694 224 2756 eolentem
244 2708 307 2753 non
327 2690 427 2751 currit
445 2690 643 2771 prescriptio
655 2692 706 2777 ¹⁰).

114 2794 178 2857 lies
209 2799 296 2856 extra
327 2795 545 2856 commercium
576 2793 630 2856 vel
652 2790 868 2874 incorporales
894 2791 983 2874 longi
1017 2793 1164 2871 temporis
1190 2811 1273 2872 prae-

71 2895 248 2978 scriptione
277 2896 399 2976 acquiri
428 2913 491 2958 non
521 2914 634 2977 posse,
668 2914 708 2958 ex
735 2895 883 2956 universa
914 2894 993 2956 iuris
1025 2893 1129 2956 civilis
1153 2894 1274 2955 ratione

70 3002 187 3081 sponte
207 3002 347 3077 apparet.

115 3102 147 3182 ξ.
160 3096 234 3163 362.
280 3096 386 3160 Omnis
405 3101 600 3181 prescriptio
620 3102 737 3162 virtute
751 3119 807 3163 sua
825 3099 1017 3174 destituitur,
1040 3097 1164 3176 quando
1178 3114 1277 3158 usur-

71 3201 171 3281 patio,
194 3216 265 3281 quae
288 3207 336 3263 est
359 3203 573 3285 possessionis
595 3203 795 3284 interruptio,
819 3199 1094 3285 intervenerttss).
1137 3197 1275 3259 Natura-

72 3300 149 3363 liter
171 3302 409 3383 interrumpitur
429 3304 609 3384 possessio,
640 3321 709 3366 cum
738 3305 809 3384 quis
838 3302 878 3364 de
904 3301 990 3362 tundi
1012 3300 1216 3380 possessione
1240 3302 1272 3360 vi

73 3400 225 3465 deiicitur
244 3401 296 3465 vel
318 3402 443 3466 mobilis
464 3419 517 3465 res
541 3407 571 3466 ei
594 3405 736 3484 eripitur,
760 3422 821 3483 quo
844 3420 918 3466 casu
941 3420 1003 3464 non
1027 3401 1181 3463 adversus
1203 3418 1273 3463 eum

427 3508 438 3533 .

79 3576 282 3589 *-

111 3694 140 3759 l)
159 3692 185 3753 ἓ.
202 3692 230 3746 3.
247 3691 273 3745 4.
291 3695 312 3744 Ι.
331 3694 357 3745 h.
377 3699 395 3746 t.
416 3693 623 3753 [1112149.
646 3693 688 3747 50.
789 3691 816 3760 2)
836 3694 859 3753 §.
877 3694 902 3744 6.
924 3694 943 3742 Ι.
966 3693 1000 3743 ib.

108 3763 139 3831 3)
159 3766 189 3817 G.
208 3762 251 3817 30.
270 3765 300 3816 C.
319 3762 345 3827 5,
365 3766 400 3817 12
419 3765 467 3832 (de
484 3769 540 3817 iure
560 3763 680 3830 dotium).

107 3836 139 3902 4)
158 3838 188 3889 G.
207 3838 233 3889 1.
251 3834 275 3895 ἓ.
293 3836 318 3889 2.
339 3837 368 3888 0.
387 3834 414 3899 7,
431 3836 467 3891 40
484 3835 531 3904 (dc
549 3838 639 3889 annali
656 3842 761 3903 except.
781 3839 839 3888 ital.
858 3842 927 3888 cont.
950 3830 1092 3899 tollenda).

109 3906 139 3975 5)
159 3909 189 3961 G.
208 3908 234 3960 2.
252 3908 281 3959 G.
299 3904 326 3970 7,
343 3906 377 3960 26
396 3906 443 3974 (de
463 3925 535 3961 usuc.
554 3926 601 3976 pro
621 3906 756 3975 emptore).
786 3927 808 3960 e.
828 3908 852 3960 3.
872 3912 894 3968 ἓ.
915 3908 939 3960 3.
964 3909 993 3959 C.
1013 3906 1039 3969 6,
1057 3903 1092 3956 43
1111 3903 1217 3969 (comm.
1241 3903 1274 3953 do

72 3983 184 4117 1036606.
192 3975 311 4102 ᾒθίξθιῑῗὲ.
328 4054 345 4100 t
366 4049 428 4102 vide
445 4057 543 4113 tamen,
564 4053 586 4112 ἓ.
598 4049 640 4103 14.
660 4053 680 4101 Ι.
699 4051 764 4102 ibid.
783 4069 806 4102 o.
816 4050 840 4101 6.
861 4046 929 4115 (1.7,
951 4047 985 4103 39
1005 4046 1051 4114 (de
1068 4045 1272 4113 prescriptione,

71 4122 110 4177 30
129 4123 174 4175 rel
192 4118 230 4173 40
248 4117 399 4186 annorum).

109 4191 138 4258 7)
163 4194 230 4244 Nor.
250 4191 310 4244 111.
329 4197 355 4243 et
376 4190 436 4244 131.
453 4209 475 4243 o.
495 4191 520 4243 6.
541 4193 607 4245 coni.
629 4208 690 4242 oum
709 4208 731 4242 o.
751 4190 794 4243 23.
815 4195 842 4244 O.
864 4192 888 4255 1,
908 4192 932 4243 2.
953 4196 979 4242 et
998 4191 1064 4239 Nor.
1085 4186 1109 4237 9.
1129 4203 1151 4236 o.
1174 4185 1195 4235 l.

109 4262 140 4329 8)
165 4266 194 4317 Ο.
213 4261 238 4315 3.
258 4263 287 4316 G.
304 4254 331 4324 7,
349 4260 385 4315 35
410 4260 519 4332 (quibus
546 4280 601 4315 non
627 4263 757 4315 obiicitur.
771 4264 845 4330 longi
869 4270 971 4330 tempus
997 4254 1176 4325 praescriptio).
1204 4273 1227 4307 c.
1249 4253 1273 4306 5.

72 4339 105 4390 C.
123 4335 151 4401 2,
167 4332 204 4387 47
221 4333 263 4402 (in
282 4335 378 4403 quibus
396 4336 485 4387 causis
500 4337 528 4387 in
544 4338 675 4400 integrum
693 4335 821 4387 restitutio
840 4335 991 4387 necessaria
1013 4347 1067 4381 non
1085 4320 1144 4393 est).

111 4406 191 4471 etc.
209 4406 235 4459 8.
253 4422 293 4472 pr.
313 4404 337 4464 t.
356 4406 381 4458 1.
400 4407 429 4458 c.
446 4402 471 4469 7,
490 4405 525 4460 39
543 4404 590 4474 (tit.
611 4403 675 4471 eiu).

91 4476 141 4539 10)
160 4476 235 4531 (1.3.
254 4478 284 4528 0.
301 4473 327 4537 7,
344 4474 381 4531 39
398 4475 450 4541 (tit
469 4473 532 4542 cit).
569 4479 637 4530 Nor.
657 4475 701 4528 ⁸22.
722 4489 744 4524 o.
764 4473 807 4526 24.

92 4546 140 4617 11)
160 4550 205 4621 Fr.
225 4546 250 4601 2.
268 4546 294 4601 ὃ.
313 4548 347 4599 Ι).
365 4548 430 4600 lut.
