2804 4966
94 318 148 374 154
417 323 618 366 rssrrrurronaa
637 327 711 366 inan
730 323 836 364 nonus
854 324 975 363 rnrvnrr.

137 453 253 537 §.mn
298 452 357 526 Qui
390 454 468 516 vitio
499 451 657 534 corporali
687 451 794 533 aliquo
824 449 982 528 laborant,
1018 450 1118 515 veluti
1149 453 1241 516 surdi
1271 460 1303 515 et

95 555 182 629 muti,
207 570 266 614 nec
290 570 351 615 non
376 554 450 614 caeoi
467 556 576 614 testari
590 559 734 633 possunt,
757 571 875 628 norma,
898 569 967 632 quae
981 570 1039 632 per
1055 555 1303 617 constitutiones

95 655 317 734 imperatorum
340 656 454 713 statuta
479 656 539 729 est,
563 652 784 742 observata1).

137 754 253 837 §.53l.
297 753 442 834 Denique
464 753 538 836 lege
561 755 767 816 inveniuntur
787 754 984 817 intestabiles
996 754 1042 839 ¹),
1074 754 1105 816 h.
1129 750 1304 837 equibus

94 857 126 919 in
147 874 268 937 poenarn
293 854 400 917 delicti
423 856 476 918 vel
498 857 636 916 oriminis
660 855 798 918 detracta
822 861 871 918 est
885 857 1173 934 testamentifactio‚
1200 857 1305 919 veluti

97 959 265 1038 apostatis,
299 957 454 1019 haereticis
476 957 740 1038 improbioribus‚
764 957 902 1020 criminis
926 956 1008 1019 laesae
1027 959 1200 1020 maiestatis
1224 960 1305 1036 reis,

96 1074 268 1138 eorumque
291 1056 382 1135 filiis,
407 1059 465 1135 iis,
490 1059 543 1139 qui
564 1059 701 1119 incestas
722 1060 848 1138 nuptias
874 1064 1121 1135 contraxerunt,
1144 1058 1305 1122 debonis

96 1176 165 1240 quae
189 1164 252 1221 tum
274 1159 450 1220 habuerunt
474 1160 506 1220 in
532 1160 678 1241 coniugis
701 1158 752 1219 vol
772 1157 909 1239 prolium
927 1159 1181 1222 incestuosorum
1208 1160 1306 1223 lavo-

97 1279 164 1322 rem
188 1261 372 1334 testatoris,
399 1258 438 1320 ob
459 1277 582 1320 carmen
607 1259 756 1322 famosum
787 1260 959 1336 damnatis,
991 1259 1064 1325 item
1088 1269 1121 1325 et
1142 1261 1307 1337 omnibus,

96 1361 209 1441 quibus
229 1361 337 1423 mortis
361 1377 452 1440 poena
478 1358 640 1421 subeunda
666 1361 767 1447 esti).

109 1567 178 1617 TIT.
196 1567 231 1616 II.
266 1567 316 1617 DE
334 1564 647 1620 SOLENNITATIBUS
666 1566 988 1621 TESTAMENTORUM
1006 1567 1287 1637 VULGARIBUS⁴).

140 1699 211 1766 538.
255 1699 521 1764 'testamentorum
551 1720 668 1784 genera
698 1703 787 1764 initio
817 1701 908 1764 luere
937 1703 1017 1779 duo,
1049 1704 1182 1765 alterum
1217 1704 1305 1784 quod

99 1801 209 1864 calatis
232 1803 376 1879 comitiis,
401 1804 542 1878 alterum,
570 1801 653 1882 quod
676 1803 708 1862 in
729 1802 894 1882 procinctu
915 1801 1057 1890 fiebatl).
1101 1802 1144 1866 lis
1161 1808 1306 1869 accessit

98 1904 212 1967 deiude
235 1904 360 1965 tertium
383 1920 484 1986 genus
513 1921 571 1983 per
601 1919 643 1964 aes
672 1908 703 1963 et
729 1901 857 1965 libram:
888 1919 951 1982 quo
980 1904 1051 1984 quis
1078 1906 1306 1985 patrimonium

100 2024 191 2069 suum
213 2005 367 2084 mancipio
391 2003 482 2065 dabat
503 2004 616 2079 amico,
647 2019 781 2083 eumque
804 2002 954 2085 rogabat,
988 2003 1062 2083 quid
1087 2007 1204 2084 cuique
1231 2011 1307 2087 post

96 2112 227 2168 mortem
250 2121 337 2166 suam
360 2104 426 2166 dari
448 2103 556 2165 vellet.
601 2103 766 2188 Postquam
788 2104 893 2184 priora
917 2121 1037 2186 genera
1056 2121 1094 2165 ex
1109 2122 1169 2165 usu
1187 2123 1306 2168 reces-

96 2211 218 2281 serunt,
242 2205 302 2267 hoc
325 2203 427 2266 solum
450 2205 613 2265 remansit:
639 2210 670 2265 et
691 2205 734 2266 ita
756 2205 887 2285 primum
903 2203 1007 2281 fiebat,
1032 2210 1066 2265 ut
1081 2223 1187 2267 coram
1205 2209 1306 2286 quin-

99 2327 161 2389 que
173 2307 319 2382 testibus,
344 2304 520 2385 libripende
545 2309 576 2366 et
600 2303 723 2366 samiliae
745 2309 886 2385 emptore
911 2303 1112 2367 conderetur.
1157 2304 1218 2368 llio
1242 2308 1304 2368 he-

97 2409 182 2471 redis
204 2406 274 2468 loco
295 2411 372 2481 erat,
397 2411 428 2467 et
450 2405 488 2468 ob
513 2404 544 2467 id
568 2410 699 2467 testator
722 2406 751 2466 ei
774 2404 956 2481 mandabat,
980 2404 1054 2485 quid
1077 2412 1305 2486 postmortem

98 2527 184 2572 suam
207 2509 321 2587 cuique
344 2506 411 2568 dari
437 2504 533 2567 vellet
545 2507 585 2593 ⁶).
628 2504 739 2567 Postea
763 2524 841 2569 vero
865 2505 978 2569 tabulae
1001 2509 1181 2570 testamenti
1204 2509 1304 2572 scribi

98 2608 259 2685 solebant,
283 2610 314 2668 in
336 2608 449 2688 quibus
471 2614 603 2671 testator
625 2609 817 2672 voluntatem
840 2627 926 2672 suarn
951 2608 1131 2691 aperiebat,
1155 2609 1230 2672 dum
1252 2611 1305 2675 la-

100 2710 194 2771 miliae
215 2709 347 2789 emptori
370 2714 489 2770 tantum
511 2709 590 2771 dicis
613 2711 714 2793 gratia
738 2710 852 2774 familia
876 2712 1104 2793 manciparetur
1117 2710 1152 2791 7).

146 2809 222 2871 Cum
246 2826 285 2870 ex
306 2809 365 2871 hac
387 2809 584 2873 ordinatione
607 2810 720 2876 tabulae
742 2828 814 2891 pars
837 2812 1018 2892 principalis
1041 2816 1220 2876 testamenti
1244 2815 1305 2876 ha-

100 2911 169 2972 beri
192 2909 361 2984 deberent,
394 2908 528 2970 invaluit
554 2915 588 2970 ut
614 2910 784 2992 voluntatis
811 2913 970 2974 testatoris
994 2914 1160 2976 servandae
1189 2916 1304 2998 gratia,

102 3009 327 3072 clauderentur
348 3014 379 3070 et
401 3028 417 3070 a
441 3009 574 3070 testibus
595 3013 810 3093 signarentur.

146 3110 262 3193 §.atu
306 3108 444 3170 Ulterius
469 3116 571 3172 autem
597 3114 761 3194 progressi
786 3117 859 3174 sunt
879 3112 1049 3177 Praetores:
1081 3132 1152 3175 nam
1176 3115 1304 3197 quoties

101 3216 221 3290 septem
241 3209 342 3290 signis
365 3210 488 3270 testium
510 3212 667 3292 signatum
691 3217 777 3275 esset
798 3218 1027 3291 testamentum,
1054 3214 1182 3297 scriptis
1207 3216 1296 3279 here-

103 3308 194 3372 dibus
216 3308 387 3370 secundum
410 3309 530 3372 tabulas
553 3309 760 3375 hereditatem
781 3312 1021 3394 pollicebantur,
1045 3315 1106 3377 etsi
1130 3313 1214 3378 sorte
1235 3317 1304 3376 iure

101 3461 301 3474 —-—---

140 3566 166 3633 1)
186 3567 211 3628 §-
230 3565 256 3619 3.
272 3563 298 3618 4.
319 3567 340 3617 1.
360 3568 422 3619 eod.
442 3583 465 3618 o.
483 3565 509 3619 8.
531 3568 559 3620 0.
578 3571 605 3621 h.
624 3575 641 3620 t.
661 3586 684 3621 e.
706 3569 748 3622 29.
770 3570 798 3622 0.
819 3569 845 3634 6,
862 3568 897 3623 23
918 3567 966 3634 (de
982 3571 1150 3625 testamentis
1168 3577 1196 3628 et
1215 3587 1304 3642 quem-

101 3633 268 3701 admodum).
290 3640 335 3689 ofr.
355 3640 570 3692 Commentarios
587 3658 668 3705 meos,
688 3647 751 3693 tom.
771 3641 817 3692 ΠΙ.
839 3660 864 3708 p.
884 3639 944 3694 242.

137 3708 166 3777 2)
186 3711 229 3760 Fr.
247 3707 288 3760 18.
311 3709 333 3767 ἓ.
354 3709 378 3761 1.
398 3713 431 3761 D.
443 3707 486 3773 28,
504 3711 518 3762 1.
539 3711 587 3777 (de
604 3714 709 3766 testam.
730 3719 756 3764 et
775 3709 985 3782 quernedmod.).
1012 3712 1090 3766 Novo
1110 3716 1232 3766 examini
1249 3716 1304 3766 huo

104 3783 217 3838 subiecit
234 3797 257 3830 a.
279 3781 427 3846 Buehhota,
449 3782 809 3852 otest.1lttaadtuapeap.
830 3784 888 3838 112.
908 3802 962 3854 seq.

140 3851 170 3920 3)
190 3853 222 3902 V.
246 3850 391 3916 chperow
412 3853 434 3912 ἓ.
451 3849 512 3906 428.
532 3856 593 3906 Nro.
613 3854 655 3908 10.

137 3923 167 3990 4)
185 3925 229 3974 Fr.
248 3920 273 3972 1.
295 3920 337 3975 10.
358 3925 418 3990 Dig.
440 3923 525 3988 28,1.
545 3927 574 3978 0.
585 3927 610 3992 6,
629 3926 671 3979 23.
690 3926 753 3994 Uip.
771 3931 798 3979 et
819 3929 877 3983 Gai.
886 3927 919 3978 11.
938 3927 982 3978 cit
1002 3926 1070 3979 Nor.
1090 3925 1215 3994 Theoph.
1234 3930 1273 3981 ut
1281 3929 1304 3982 9.

107 3997 175 4049 Nor.
195 3993 303 4045 Valent.
323 3995 360 4045 tit.
381 3993 407 4046 4.
436 3997 638 4066 Sponpecbery,
662 3997 737 4052 Iurat
756 3998 879 4071 Romana·
897 3999 1011 4051 Tabales
1026 4007 1114 4065 nepot·
1133 4003 1304 4054 solemnium.

104 4069 202 4136 Lipsiae
222 4064 300 4119 1822.
318 4083 344 4131 p.
365 4063 496 4121 60—131.
672 4077 674 4082 ’
738 4061 744 4074 ’

139 4138 167 4205 5)
187 4137 345 4190 Accuratior
368 4138 464 4190 horum
482 4145 698 4191 testamentorum
718 4141 858 4208 descriptio
878 4145 953 4192 extat
978 4140 1052 4207 apud
1078 4140 1223 4208 scriptores
1246 4143 1304 4194 lau-

106 4212 192 4264 datos.
212 4211 257 4261 cir.
278 4208 337 4259 Gai.
357 4208 382 4261 2.
402 4207 424 4269 ἓ.
443 4209 503 4263 101.
524 4217 551 4263 et
568 4212 746 4278 Theophilum
764 4212 802 4265 ad
820 4211 844 4272 ἓ.
863 4213 888 4264 1.
906 4212 928 4264 Ι.
946 4213 1011 4265 tna

140 4281 168 4349 6)
189 4281 247 4332 Gai.
269 4281 286 4331 l.
309 4297 331 4331 c.
351 4280 375 4333 2.
395 4279 418 4340 §-
438 4280 496 4334 102.
521 4280 581 4335 103.

68 4353 71 4359 ’
140 4353 170 4421 7)
191 4352 287 4406 uatl.
309 4370 330 4405 o.
351 4351 452 4413 §.104
488 4355 604 4407 Dicebat
627 4359 751 4408 testator:
781 4357 837 4407 heac
861 4355 913 4419 ita,
932 4360 961 4407 ut
978 4355 1007 4409 iu
1024 4355 1066 4407 his
1084 4355 1184 4408 tabulis
1206 4356 1307 4408 cariem

107 4427 206 4493 scripta
224 4428 300 4488 sunt,
324 4424 363 4475 ita
383 4423 435 4489 do,
459 4427 497 4478 ita
513 4427 590 4493 lego,
616 4427 654 4479 ita
671 4432 768 4489 testor,
792 4429 883 4494 itaque
905 4443 955 4480 ros
981 4426 1095 4489 Quirites
1120 4427 1305 4480 testimonium

36 4512 44 4532 ·
108 4499 289 4564 perhibetote:
308 4500 335 4547 et
349 4495 403 4547 hoo
422 4497 564 4552 dicebatur
581 4497 752 4566 nuncupatio.
769 4499 815 4552 oh.
835 4494 897 4566 Ulp.
915 4497 974 4550 XX.
992 4495 1018 4551 2.
