2804 4966
96 303 148 359 220
413 308 613 346 tusrlrurtom
631 308 705 347 1111111
725 310 828 349 uolam
847 311 967 349 11111Λῖ1.

166 449 234 500 ΤΙΤ.
242 448 275 500 11.
311 447 360 498 DE
380 445 509 498 baubo
527 444 752 498 PRAES'PANDO
771 447 841 498 Pub
861 446 992 500 DOLUM
1010 449 1058 500 ΕΤ
1078 449 1229 502 CULPAM

568 532 692 586 ALIOUI
709 535 816 587 Dauo.

138 669 248 753 §.lib
294 667 328 730 ln
342 669 426 730 omni
448 666 653 751 obligatione,
679 669 706 730 sl
727 668 769 746 id,
792 668 877 750 quod
893 670 959 733 dari
982 670 1126 734 verberi
1143 677 1293 753 oportue-

95 773 147 848 rit,
174 771 278 832 datum
301 770 353 834 vel
377 769 490 832 laetum
513 786 575 830 non
599 770 640 832 sit
663 771 753 850 culpa
776 771 939 848 debitoris,
961 771 1105 835 damnum
1119 773 1195 836 inde
1219 791 1293 837 con·

96 874 223 956 tingens
246 871 284 933 ab
309 889 347 933 eo
369 871 519 932 resarciri
542 869 655 932 debet:
691 871 764 933 item
795 873 822 934 si
851 873 884 934 in
909 873 1065 953 explenda
1096 874 1290 957 obligatione

96 974 231 1037 debitam
253 973 447 1055 diligentiam
469 989 532 1035 non
556 971 707 1033 adhibuit.
760 971 821 1034 lam
848 991 926 1055 ergo
950 975 1052 1035 statim
1075 974 1291 1056 inquirendum

100 1080 158 1152 est,
180 1092 238 1155 pro
260 1091 320 1154 qua
344 1072 437 1152 culpa
461 1073 532 1151 quis
557 1078 701 1134 teneatur
724 1071 776 1134 vel
808 1091 899 1152 quam
931 1074 1126 1158 diligentiam
1152 1095 1194 1138 ex
1215 1077 1291 1140 obli-

99 1180 227 1262 gatione
252 1179 323 1258 quis
346 1181 498 1258 praestare
520 1174 658 1237 debeat?
1044 1187 1047 1190 ·

138 1279 290 1342 Damnum
313 1277 409 1339 rebus
441 1276 553 1338 alienis
578 1275 688 1338 inferri
715 1280 819 1356 potest
850 1276 900 1337 vel
930 1275 1022 1357 eulpa
1055 1275 1211 1356 alieuius,
1246 1280 1288 1341 vel

99 1382 209 1467 easu1)
244 1381 264 1440 i.
290 1396 317 1440 e.
353 1376 459 1457 aliquo
482 1377 612 1439 fortuito
635 1393 728 1452 casu,
762 1393 854 1456 quem
887 1377 978 1437 etiam
1000 1377 1289 1457 providentissimus

97 1497 159 1542 non
181 1483 305 1559 poterat
326 1476 507 1558 providere,
531 1478 702 1547 autmaiori
720 1479 763 1553 vi,
784 1478 836 1538 eui
857 1477 989 1539 humana
1012 1478 1176 1540 infirmitas
1198 1481 1286 1541 resis-

97 1587 165 1643 tere
185 1580 307 1659 nequit,
331 1578 429 1640 veluti
450 1581 477 1640 si
501 1596 553 1640 res
579 1579 736 1656 incendio,
759 1581 860 1656 ruina,
884 1579 1050 1663 naufragio
1073 1587 1222 1662 pereunt,
1243 1584 1283 1646 vel

97 1681 341 1756 deteriorantur,
362 1682 434 1742 item
447 1684 564 1741 mortes
578 1679 767 1756 animalium,
793 1679 877 1762 fugae
889 1696 1068 1759 servorum,
1090 1685 1220 1765 rapinae,
1240 1689 1282 1744 tu-

95 1782 221 1846 multus.
265 1779 425 1843 Eiusmodi
449 1796 540 1840 casus
565 1800 582 1842 a
605 1778 693 1841 nullo
715 1784 923 1859 praestantur,
959 1785 990 1840 et
1012 1782 1039 1842 si
1068 1798 1122 1844 res
1153 1782 1281 1859 alieuius,

98 1899 167 1963 quae
196 1885 227 1944 in
250 1881 475 1963 obligationem
497 1899 561 1944 non
584 1886 633 1942 est
655 1880 799 1957 deducta,
833 1883 876 1944 ita
902 1882 1001 1962 perit,
1025 1883 1087 1946 buo
1113 1883 1212 1949 solius
1234 1885 1279 1950 do-

98 1986 172 2045 mini
194 1983 381 2046 detrimento
403 1989 461 2060 est,
487 1983 538 2045 vel
562 1985 642 2059 eius,
666 1985 719 2064 qui
743 1985 803 2060 ius,
827 1983 912 2064 quod
925 1985 957 2045 in
978 2002 1014 2046 re
1027 1985 1133 2063 babet,
1159 2006 1194 2050 ea
1216 1988 1277 2050 sub·

77 2083 160 2147 lata
185 2086 305 2147 amittit.
348 2084 398 2146 Ad
420 2103 512 2166 quem
533 2090 645 2152 autem,
660 2084 754 2148 fatale
776 2084 919 2147 damnum
948 2088 975 2148 i.
999 2105 1028 2148 e.
1052 2087 1226 2168 perieulum
1241 2090 1275 2151 rei

96 2186 129 2247 in
155 2185 377 2268 obligationem
400 2185 542 2260 deductae
564 2192 695 2266 spectet,
717 2187 749 2247 in
771 2185 906 2268 singulis
920 2187 1149 2271 obligationum
1170 2193 1274 2272 speeie·

99 2285 159 2346 bus
181 2285 370 2366 dicemust).
1240 2307 1243 2321 ·

135 2385 247 2467 1164.
292 2386 420 2459 Quoties
451 2390 554 2448 autem
584 2386 675 2467 eulpa
705 2386 849 2449 damnum
877 2386 991 2449 lactum
1014 2389 1085 2465 erit,
1108 2389 1191 2453 aliud
1211 2389 1270 2452 iuris

101 2489 159 2551 est.
192 2487 316 2568 Siquis
340 2489 422 2549 enim
445 2488 518 2550 dolo
536 2488 586 2549 vel
609 2487 725 2549 malitia
747 2488 968 2550 detrimentum
990 2489 1082 2552 alteri
1105 2492 1206 2554 intulit
1222 2494 1268 2552 ie.

103 2608 143 2652 ex
166 2590 302 2671 maligno
324 2591 485 2670 proposito
510 2594 541 2651 et
563 2590 717 2666 consulto,
742 2592 834 2652 etiam
857 2590 1168 2655 sinelucrilaeiendi
1182 2593 1269 2664 animo,

100 2707 225 2771 semper
239 2695 363 2752 tenetur
382 2690 419 2752 ad
434 2691 535 2753 damni
545 2691 776 2753 restitutionem
787 2691 829 2772 ³)‘3
855 2697 886 2753 et
897 2693 924 2752 si
938 2693 1062 2755 actione
1075 2695 1200 2774 speciali
1210 2708 1269 2754 oon·

102 2791 204 2852 veniri
225 2808 287 2851 non
311 2795 425 2870 potest,
448 2809 466 2851 e
488 2789 561 2852 dolo
585 2791 735 2853 iudicium
755 2793 787 2852 in
806 2809 876 2853 eum
898 2791 990 2853 datur
1004 2791 1044 2877 4),
1067 2777 1155 2856 unde⁴
1173 2791 1269 2874 ,dolum

101 2907 226 2970 semper
247 2891 407 2969 praestari‘
428 2890 552 2952 dieitur.
1314 2892 1316 2897 '

145 2994 175 3072 ξ.
190 2990 260 3056 165.
305 2990 365 3053 Sed
390 2991 482 3052 etiam
505 3009 544 3052 ex
577 2991 711 3078 culpa⁶)
741 3000 848 3057 nostra
878 2995 948 3057 sine
973 2994 1086 3058 fraude
1107 2995 1159 3058 vel
1180 2988 1268 3057 malitia
1314 3036 1316 3069 ,

103 3091 288 3172 obligamur.
334 3088 431 3170 Culpa
454 3095 557 3152 autem
579 3097 646 3164 est,
677 3095 704 3153 si
725 3093 777 3154 vel
800 3095 943 3173 luxuria,
969 3095 1020 3157 vel
1044 3097 1208 3177 imperitia,
1225 3093 1267 3154 in·
1314 3158 1316 3173 =

103 3193 279 3274 prudentia,
302 3193 479 3274 ignorantia
502 3192 693 3274 velignavia
708 3196 760 3256 vel
776 3198 866 3258 etiam
887 3199 1105 3262 misericordia
1126 3201 1267 3278 intempes·

104 3296 168 3357 tiva
192 3294 276 3369 moti,
299 3285 392 3354 alteri
414 3292 556 3354 damnum
583 3293 742 3357 intulimus
755 3299 794 3382 ὅ).
838 3297 877 3359 Et
898 3300 929 3358 in
954 3300 1196 3382 obligationibus
1216 3295 1268 3379 qui·

138 3488 165 3558 1)
186 3490 334 3556 Utrumque
362 3487 489 3538 damnum
511 3486 679 3555 distinguitur
702 3489 765 3540 inf.
785 3489 810 3540 1.
834 3488 857 3548 1.
875 3486 901 3541 4.
933 3485 963 3540 D.
985 3487 1066 3555 44,7
1092 3477 1268 3558 (11111111

104 3562 127 3624 ἓ.
148 3563 172 3615 2.
195 3558 225 3611 D.
244 3560 286 3624 19,
306 3558 323 3611 2
342 3557 388 3625 (do
405 3575 459 3625 reg.
478 3555 548 3624 iun).
565 3561 596 3610 11.
615 3557 640 3611 1).
660 3558 683 3618 §-
700 3557 726 3610 4.
748 3556 778 3610 0.
797 3559 840 3623 16,
860 3558 877 3612 3
897 3558 1095 3627 (eommodatl).

139 3630 167 3698 2)
186 3634 229 3684 Fr.
247 3631 290 3684 23.
312 3628 343 3682 D.
364 3633 405 3682 oit.
424 3648 447 3682 0.
465 3629 490 3681 6.
509 3631 538 3682 6.
557 3627 584 3693 4,
602 3628 637 3681 24
656 3629 703 3695 (de
719 3632 773 3698 pig.
793 3629 918 3697 notione).
1166 3654 1168 3659 ·

138 3701 167 3768 3)
187 3705 287 3766 „Dolus
313 3719 416 3771 semper
440 3701 599 3769 praestatur.“
622 3704 654 3753 11.
673 3699 716 3752 23.
742 3698 772 3752 1).
792 3701 888 3766 50,17
912 3702 1124 3770 (uoragine).
1164 3700 1221 3754 tnta
1234 3708 1269 3747 111

103 3775 203 3843 paeisoi
222 3775 297 3827 lieet:
317 3788 352 3824 ne
372 3775 450 3826 dolus
469 3780 604 3841 prestatur
623 3776 654 3824 11.
665 3771 708 3824 21.
727 3773 749 3832 i.
762 3773 787 3826 3.
796 3773 823 3825 4.
844 3771 912 3837 M,
930 3772 965 3826 14
983 3773 1031 3842 (de
1048 3773 1155 3842 poetis).
1175 3777 1202 3825 11.
1210 3766 1231 3822 7.
1242 3781 1268 3834 tlt·
1312 3758 1316 3823 1

107 3845 136 3899 D.
157 3844 200 3908 16,
219 3844 235 3897 3
255 3842 398 3912 (depositi).
435 3845 506 3907 Quid
534 3846 567 3896 sit
586 3845 678 3908 dolus,
706 3845 795 3912 oolligi
812 3849 900 3910 potest
918 3861 955 3896 ox
971 3847 1003 3896 11.
1022 3844 1067 3900 41.
1094 3846 1118 3906 1.
1143 3846 1165 3898 1.
1189 3835 1269 3902 uti
1312 3826 1316 3861 ¹

102 3918 151 3984 (ad
168 3914 347 3985 lag-Aquili
375 3919 407 3967 11.
427 3915 467 3968 15.
487 3917 509 3976 ἓ.
531 3915 554 3967 1.
577 3913 606 3966 D.
624 3913 669 3979 47,
687 3915 703 3968 2
726 3913 772 3980 (de
791 3915 918 3980 iudiciis).
936 3919 968 3968 ir.
987 3918 1012 3970 2.
1032 3918 1054 3978 ἓ.
1072 3915 1097 3970 5.
1116 3907 1269 3980 b.44,4(b

105 3991 161 4042 doli
179 3989 244 4039 mali
263 3994 289 4039 et
307 3992 394 4039 metus
412 3984 535 4053 except).
555 3989 587 4039 ir.
606 3986 648 4050 61,
668 3987 693 4039 2.
715 3984 746 4038 D.
764 3984 808 4050 47,
827 3987 843 4039 2
864 3987 912 4054 (de
929 3985 1028 4054 furtis).

137 4058 167 4126 4)
185 4061 228 4110 Fr.
247 4059 271 4111 1.
290 4060 318 4111 in
335 4061 353 4109 1.
372 4061 403 4109 11.
424 4055 509 4111 2.-7.
531 4076 568 4124 pr.
592 4056 622 4108 1).
640 4057 667 4121 4,
685 4056 701 4109 3
722 4056 769 4121 (de
790 4059 853 4110 dolo
872 4058 966 4124 malo).

138 4129 166 4199 b)
185 4134 228 4182 De
246 4133 327 4197 eulpa
343 4130 450 4196 plurimi
467 4131 654 4192 iurisconsulti,
674 4132 770 4182 nostris
789 4131 932 4197 presertim
953 4130 1059 4192 diebus,
1078 4131 1209 4198 seripsbro.
1237 4123 1269 4178 Se

105 4205 208 4274 quimur
225 4205 253 4254 in
271 4205 323 4255 hoe
338 4203 407 4252 libro
427 4202 619 4268 expositionem
638 4198 765 4252 celeberr.
784 4202 883 4265 Haase,
907 4205 950 4253 die
960 4205 1050 4270 Culpa
1060 4204 1108 4254 dos
1118 4198 1270 4254 ramberto
1314 4232 1316 4257 ,

104 4277 172 4328 Ka'al
193 4273 270 4327 1815.
293 4273 335 4325 ed.
356 4274 402 4324 alt.
425 4269 502 4324 1838.
523 4274 569 4323 011.
600 4272 687 4323 Eaaoa'
703 4289 750 4325 aur
768 4276 798 4323 10
810 4275 965 4340 prestation
985 4275 1033 4324 olas
1046 4276 1160 4342 fautor,
1173 4286 1222 4342 por
1235 4266 1270 4318 11
1312 4274 1316 4345 3

106 4350 183 4399 brun.
209 4341 532 4397 Ρο11’11764.011813.
553 4342 578 4394 8.
599 4343 633 4393 de
651 4360 701 4411 quo
726 4359 805 4408 opere
827 4345 933 4396 dema's
953 4362 988 4397 ou
1007 4343 1183 4413 bibliotbdgao
1199 4340 1270 4395 aab
1314 4358 1316 4379 =

104 4420 264 4469 ra'aoonaulto
282 4423 346 4468 tom.
365 4413 390 4466 2.
408 4434 433 4482 p.
453 4412 513 4467 349.
533 4418 559 4464 01
579 4413 689 4481 Magno,
713 4413 857 4466 Elementa
876 4417 941 4466 111.
961 4415 983 4474 ἓ.
995 4413 1144 4467 258-261.
1313 4406 1316 4461 l

139 4483 168 4551 6)
189 4489 278 4554 Culpa
294 4487 456 4540 voeabulum
474 4485 555 4537 latius
574 4491 600 4538 01
620 4485 733 4537 strietiue
752 4485 888 4552 recipitur.
925 4487 1059 4553 Exempla
1080 4486 1167 4555 eulpae
1180 4483 1206 4537 in
1219 4478 1271 4535 0111·
1312 4472 1316 4543 1
