2804 4966
602 320 792 358 rnrncnucrro.
1262 309 1269 320 '
1288 318 1305 372 5

102 461 193 519 antea
223 456 375 518 seiunctis
410 456 440 516 in
474 472 536 518 uno
565 471 666 537 regno
697 455 902 532 consociatis,
936 456 1004 518 iura
1038 474 1142 519 earum
1174 460 1304 540 aequari

104 556 238 617 omnium
263 555 399 617 intersit.

216 743 283 794 TIT.
296 744 343 794 111.
381 743 428 793 ult
446 740 533 793 IURE
554 741 745 793 NATURALI.
784 741 950 795 GENTIUM
970 745 1018 794 ET
1037 699 1147 797 ctvml
1160 743 1187 813 ¹).

143 862 173 941 ξ.
187 861 236 925 14.
280 859 355 922 Cum
378 861 495 922 iustitia
529 861 570 922 sit
601 865 748 922 constans
778 866 810 921 et
841 865 993 941 perpetua
1017 861 1163 925 voluntas
1185 864 1301 944 cuique

100 963 193 1025 Suom
217 960 375 1023 tribuendi
400 960 504 1048 (ἐῶ),
527 977 601 1036 eos,
625 962 679 1041 qui
698 961 934 1022 communitates
954 963 1037 1024 iuste
1060 962 1227 1025 ordinandi
1249 969 1302 1025 aut

100 1064 171 1124 lites
194 1061 359 1124 dirimendi
391 1078 502 1123 munus
527 1063 727 1142 suscipiunt,
759 1067 831 1123 ante
853 1063 954 1124 omnia
978 1065 1144 1144 explorare
1163 1069 1299 1144 oportet,

99 1161 172 1244 quid
202 1163 373 1241 unicuique
404 1168 549 1241 tanquam
572 1178 662 1223 suum
684 1161 883 1223 tribuendum
913 1164 953 1223 sit
985 1167 1016 1223 et
1047 1169 1134 1225 certe
1157 1181 1214 1243 pro
1239 1179 1298 1225 suo

101 1263 271 1338 habebunt,
295 1261 379 1341 quod
403 1262 578 1322 accessorio
608 1261 741 1324 alicuius
776 1279 847 1324 esse
870 1261 922 1323 vel
945 1264 1086 1342 praestari
1121 1265 1150 1326 ei
1173 1265 1297 1327 debeat.

100 1365 179 1428 Sunt
199 1368 300 1425 autem
322 1362 499 1424 bominibus
523 1363 649 1424 omnino
670 1364 861 1438 necessaria,
883 1380 952 1442 quae
979 1364 1149 1427 communis
1170 1365 1296 1428 illorum

99 1481 168 1525 cum
199 1464 321 1525 ceteris
354 1464 562 1525 animantibus
604 1469 715 1525 natura
747 1465 914 1543 exposcit:
955 1464 1029 1525 item
1061 1481 1130 1545 quae
1162 1467 1301 1528 naturali

99 1566 213 1627 rationi
242 1563 322 1626 adeo
346 1566 517 1626 convenire
540 1569 786 1647 cognoscuntur,
810 1570 844 1624 ut
865 1564 902 1626 ab
925 1564 1067 1626 omnibus
1099 1566 1300 1646 postulentur

99 1667 151 1729 vel
178 1664 320 1728 omnibus
347 1664 513 1743 quaerenda
549 1670 602 1726 aut
632 1664 779 1746 fugienda
806 1681 878 1727 esse
898 1666 1131 1746 praecipiantur.
1174 1666 1298 1731 Neces-

98 1769 181 1830 saria
204 1765 517 1846 deniquebabentur‚
535 1782 603 1845 quae
623 1766 660 1827 ab
684 1764 789 1846 aliquo
811 1765 928 1846 populo
951 1765 990 1827 ob
1013 1765 1204 1846 peculiarem
1226 1769 1296 1830 rei-

98 1867 231 1950 publicae
264 1867 332 1927 eius
362 1866 614 1928 constitutionem
645 1864 699 1927 nel
731 1868 884 1928 communi
919 1866 1033 1927 civium
1065 1867 1213 1946 opinione
1244 1873 1297 1929 aut

99 1969 316 2048 imperantium
340 1969 428 2029 iussu
450 1972 484 2028 ut
506 1969 687 2029 necessarie
702 1966 873 2029 ordinanda
896 1970 948 2027 aut
970 1966 1130 2046 sequenda
1152 1975 1301 2032 statuun-

98 2065 199 2157 turi).
250 2067 318 2131 Non
340 2069 493 2131 immerito
516 2068 614 2149 igitur
635 2067 842 2130 Romanorum
867 2065 1105 2143 iurisconsulti,
1140 2068 1224 2147 quod
1258 2070 1295 2132 ad

96 2165 295 2252 singulorum
318 2168 395 2228 iuris
420 2168 631 2229 institutorum
646 2166 814 2247 primordia
839 2171 969 2246 spectat,
994 2183 1086 2228 omne
1101 2167 1150 2228 ius
1174 2169 1293 2249 tripar-

95 2271 185 2333 titum
209 2286 280 2331 esse
304 2268 439 2341 docent3
471 2266 638 2329 collectum
660 2273 709 2329 est
731 2269 811 2328 enim
836 2269 907 2328 sive
932 2286 971 2328 ex
992 2267 1187 2330 naturalibus
1210 2287 1295 2349 prae-

101 2372 213 2452 ceptis,
240 2371 311 2431 sive
332 2370 484 2452 gentium,
510 2370 580 2430 sive
603 2386 643 2429 ex
667 2368 813 2429 civilibus
826 2368 865 2453 ³).

143 2474 174 2553 ξ.
189 2473 238 2537 15.
284 2470 335 2531 lus
365 2469 507 2532 naturale
531 2475 597 2544 est,
631 2470 715 2549 quod
736 2474 847 2530 natura
871 2470 972 2531 omnia
1003 2468 1146 2531 animalia
1171 2469 1296 2542 docuit;

99 2590 168 2635 nam
202 2573 251 2634 ius
288 2571 371 2634 istud
395 2591 458 2634 non
481 2572 608 2633 humani
640 2573 767 2653 generis
794 2571 954 2651 proprium
980 2575 1046 2645 est,
1079 2569 1136 2632 sed
1162 2570 1296 2632 omnium

99 2674 310 2748 animantium,
334 2690 403 2753 quae
425 2674 455 2734 in
478 2671 569 2749 coelo,
594 2689 663 2752 que
686 2673 717 2732 in
741 2679 846 2747 terrae,
871 2688 941 2750 que
961 2672 993 2732 in
1015 2670 1091 2732 mari
1114 2674 1296 2732 nascuntur.

99 2772 179 2834 llinc
194 2771 358 2835 descendit
380 2774 475 2833 uraris
494 2778 588 2852 atque
609 2772 732 2834 leminae
744 2772 934 2846 coniunctio,
956 2770 1127 2832 liberorum
1143 2788 1296 2851 procrea-

93 2875 156 2950 tio,
180 2866 352 2954 ecrurnque
376 2873 520 2937 educatio
532 2873 568 2954 ⁴).

142 2977 173 3056 ξ.
188 2974 237 3038 16.
281 2973 333 3035 lus
356 2975 496 3056 gentium
518 2978 621 3034 autem
656 2977 688 3034 ct
708 2972 803 3034 civile
823 2972 865 3033 ita
887 2971 1047 3034 dividitur.
1093 2972 1207 3036 Omnes
1231 2989 1293 3054 po-

99 3073 182 3156 puli,
214 3076 267 3154 qui
286 3073 411 3156 legibus
434 3074 625 3159 et'moribus
653 3078 820 3156 reguntur,
842 3076 953 3153 partim
978 3090 1036 3136 suo
1057 3074 1197 3154 proprio,
1219 3089 1295 3154 par-

98 3177 153 3236 tim
176 3175 329 3237 communi
352 3174 487 3237 omnium
512 3173 668 3235 bominum
693 3175 762 3234 iure
784 3178 924 3234 utuntur.
967 3171 1044 3234 Nom
1068 3172 1222 3252 quoddam
1245 3175 1295 3235 ins

99 3273 236 3337 naturali
263 3274 384 3335 ratione
410 3275 492 3335 inter
516 3290 622 3335 omnes
651 3273 792 3335 homines
824 3273 1025 3334 constitutum
1059 3279 1123 3350 est,
1154 3279 1185 3336 et
1215 3274 1296 3354 apud

100 3392 208 3437 omnes
232 3374 365 3455 populos
388 3391 536 3454 peraeque
549 3373 736 3449 custoditur,
758 3380 953 3453 vocaturque
968 3375 1016 3434 ius
1032 3376 1183 3456 gentium,
1208 3378 1297 3455 quasi

100 3491 164 3554 quo
187 3475 256 3537 iure
279 3493 386 3537 omlnes
408 3481 521 3558 gentes
546 3480 672 3535 utantur
687 3475 725 3561 ⁵).
771 3474 851 3536 luris
876 3475 1015 3558 gentium
1037 3480 1085 3536 est
1108 3493 1184 3558 erga
1196 3473 1295 3538 Deum

98 3573 226 3656 religio,
250 3594 325 3658 erga
350 3577 480 3658 patriam
505 3581 536 3638 et
556 3580 702 3656 parentes
725 3575 824 3655 pietas
847 3581 940 3654 atque
966 3574 1153 3636 obedientia.
1197 3575 1293 3638 Porro

99 3676 159 3737 hoc
179 3675 249 3736 iure
275 3682 387 3758 gentes
411 3676 569 3752 humanae,
593 3693 652 3737 usu
675 3681 706 3737 et
726 3675 968 3738 necessitatibus
989 3676 1130 3737 humanis
1153 3678 1194 3738 ita
1217 3694 1311 3758 poss

99 3775 284 3852 tulantibus‚
306 3776 401 3861 multa
423 3777 481 3838 sibi
503 3780 714 3851 constituere3
746 3794 842 3838 exeo
867 3774 1043 3837 introducta
1072 3774 1170 3852 bella,
1193 3779 1294 3859 capti-

99 3878 214 3938 vitates
237 3883 370 3953 secutae,
396 3880 567 3940 servitutes
587 3883 618 3939 et
640 3877 917 3951 manumissiones3
950 3875 1094 3938 discrete
1115 3882 1188 3939 sunt
1211 3895 1295 3959 gen-

99 4039 296 4051 ’.Ἀ-ι...

134 4139 161 4206 1)
180 4144 297 4195 Rubriae
318 4145 355 4195 tit.
372 4145 413 4206 ll„
426 4145 487 4196 libri
506 4146 526 4196 Ι.
545 4145 741 4195 Institutionum
759 4144 906 4196 Iustiniani.

135 4213 164 4273 2)
183 4215 343 4279 Diligentius
363 4217 437 4268 hano
454 4215 488 4267 de
506 4217 601 4282 triplici
621 4217 779 4268 necessitate
794 4221 823 4266 ut
841 4216 925 4268 omnis
937 4214 1001 4264 iuris
1012 4214 1188 4266 fundamento
1199 4211 1295 4264 doctri·

98 4302 162 4337 nam
180 4288 293 4352 exposui
310 4288 337 4336 in
356 4287 420 4338 mois
439 4287 621 4354 Pbc'loaopba'oe
638 4289 707 4339 ruric
729 4290 904 4339 lineamentis
923 4281 1070 4351 §.43-46.

134 4354 163 4420 3)
184 4355 208 4416 ἓ.
218 4354 244 4408 4.
262 4358 319 4408 in-f.
341 4358 361 4407 Ι.
381 4357 394 4408 1
415 4355 462 4422 (de
481 4353 542 4408 lust.
560 4362 587 4408 et
603 4355 679 4422 iure)-

133 4421 164 4492 4)
182 4430 224 4479 Pr.
245 4429 265 4478 L
285 4429 311 4478 h.
331 4433 348 4478 t
367 4431 399 4480 fr·
421 4427 445 4479 1.
464 4426 488 4487 ἓ.
509 4426 534 4480 3.
552 4430 620 4495 Ι).,Ι,
645 4429 671 4480 1.
817 4438 819 4443 ⁴
967 4478 971 4486 ,

90 4527 93 4532 ·
135 4493 241 4567 einp,
257 4499 283 4550 t.
298 4499 359 4553 eod·
380 4501 411 4552 fr.
422 4497 447 4550 9.
467 4497 566 4550 D.1·1
589 4500 626 4564 (ln
637 4496 677 4566 t).
702 4496 804 4560 Olcero,
823 4497 982 4550 Tusculanae
1001 4503 1091 4567 quest.
1109 4499 1156 4551 ltb.
1168 4500 1189 4564 1,
1209 4516 1231 4550 c.
1244 4498 1288 4550 13.
