2804 4966
610 272 799 313 rnrnocucrro.
1285 260 1302 315 7

100 424 183 471 mum
210 407 379 471 videndum
411 412 476 468 est:
513 426 589 482 coro
618 429 648 468 ru
673 427 816 468 crvrrnra
840 425 888 469 sir
910 405 1019 469 runis?
1051 406 1183 469 deinde:
1217 407 1301 470 unde

100 526 227 571 sacrum
247 530 304 584 arr,
326 528 369 570 ur
392 530 447 570 noc
469 529 517 569 sir
539 507 650 569 rums?
700 507 816 569 Prioris
838 507 1023 587 questionis
1048 505 1164 570 solutio
1185 511 1217 572 ln
1241 527 1300 572 ex-

99 611 257 690 positione
279 615 311 670 et
332 607 552 689 explanatione
575 609 653 669 iuris
675 608 836 684 consistit,
872 608 961 669 cuitus
993 609 1025 669 in
1057 608 1218 688 republica
1252 617 1309 673 est

100 728 178 773 usus
201 716 295 790 atque
318 711 505 782 auctoritas3
526 727 585 770 nec
607 710 760 771 immerito
785 709 852 770 haec
879 707 1033 770 didactico
1054 725 1113 772 seu
1130 709 1302 791 dogmatico

100 813 179 874 iuris
212 810 353 885 doctrina
380 814 486 890 potest
516 812 633 871 vocari.
687 809 817 882 Quando
840 811 871 871 in
902 809 1008 892 legum
1038 813 1175 892 ipsarum
1198 814 1300 875 inter-

99 912 276 993 pretatione
297 909 443 973 oonsistit
465 911 630 987 institutio,
654 912 809 990 ecaqetr'oo
831 911 1016 992 appellatur.

140 1011 318 1074 Posteriore
342 1014 514 1092 quaestione
543 1011 612 1075 duae
635 1012 705 1075 aliae
737 1015 958 1087 continentum
992 1014 1127 1080 alteraz,
1144 1015 1297 1078 undenam

98 1117 159 1177 boc
184 1114 233 1175 ius
256 1111 452 1174 descendat?
484 1112 601 1175 altera:
632 1130 701 1193 quaa
722 1116 802 1189 sint,
834 1119 869 1174 ut
890 1115 994 1191 huius,
1028 1116 1070 1177 ita
1096 1114 1195 1178 omnis
1218 1119 1295 1178 iuris

98 1214 214 1277 ultime
237 1210 366 1274 cause?
410 1212 550 1283 Solvitur
568 1213 622 1275 illa
640 1213 788 1275 historico
811 1215 888 1276 iuris
905 1217 1112 1295 expositione,
1135 1234 1204 1296 quae
1225 1232 1295 1280 cum

98 1314 230 1377 fontium
244 1315 322 1375 iuris
337 1314 493 1395 originem
505 1333 542 1376 ac
553 1314 625 1390 lata,
641 1320 705 1376 tum
718 1316 914 1399 singularum
931 1317 1174 1409 institutiopum,
1187 1317 1294 1402 legum

97 1431 283 1494 morumque
305 1413 392 1475 initia
414 1419 446 1475 et
468 1415 706 1478 vicissitudines
729 1421 864 1478 enarrat.

140 1515 234 1597 §.22
278 1514 351 1577 llaec
374 1516 527 1595 denique,
559 1530 629 1597 quae
658 1517 780 1580 altioris
810 1535 886 1579 sane
914 1524 962 1579 est
986 1518 1159 1601 indaginis,
1193 1521 1294 1583 omnis

96 1617 176 1679 iuris
199 1617 351 1696 principia
373 1635 409 1678 ac
432 1615 535 1678 fontes
561 1619 774 1698 persequitur.
819 1618 1048 1690 Quaerendum:
1082 1619 1166 1682 unde
1197 1624 1296 1683 omnis

96 1719 183 1780 notio
208 1717 286 1779 iuris
310 1716 506 1778 descendat?
529 1734 669 1796 quaenam
692 1719 754 1779 sint
768 1719 874 1798 prima
893 1720 1141 1781 universaeiuris
1166 1721 1296 1783 cause?

96 1818 167 1898 quis
191 1832 328 1879 summus
350 1818 427 1878 iuris
452 1816 550 1878 finis?
595 1817 808 1900 indagandum
834 1819 948 1882 deinde
971 1821 1003 1881 in
1030 1821 1105 1880 iusti
1127 1826 1222 1900 atque
1244 1823 1297 1882 ln-

96 1919 173 1982 iusti
195 1919 258 1981 vim
280 1923 311 1979 et
334 1923 474 1979 naturam
498 1918 528 1979 et
549 1917 769 1999 investiganda
794 1926 950 2001 praecepta
972 1921 1043 1981 sine
1066 1901 1180 2000 quibus
1192 1938 1295 2001 neque

97 2019 139 2082 dc
158 2018 344 2099 populorum
366 2017 493 2099 legibus
508 2036 568 2080 nec
587 2019 760 2082 civitatium
777 2019 913 2100 publicis
936 2022 1133 2101 privatisque
1145 2021 1296 2082 institutis

96 2124 184 2181 recte
208 2117 347 2179 iudicare
369 2134 547 2198 possumus.
603 2118 828 2200 lnquirendum
852 2126 901 2183 est
922 2122 954 2183 in
976 2122 1158 2196 civitatum,
1188 2136 1296 2183 rerum

96 2219 304 2300 politicarum,
325 2220 495 2302 gentisque
522 2219 671 2296 bumanae,
694 2220 830 2301 publicae
856 2226 888 2283 et
909 2223 1041 2302 privatae
1055 2222 1127 2283 vitm
1148 2223 1299 2296 rationes,

97 2318 293 2404 publicorum
317 2319 791 2405 institutorumfinem31egum
814 2320 1037 2396 similitudines
1061 2341 1098 2384 ac
1119 2322 1297 2385 discrimina

97 2426 173 2485 sunt
196 2420 333 2484 eruenda
361 2427 391 2482 et
414 2419 620 2499 illustranda,
648 2425 757 2484 utria
789 2429 993 2499 monstretur,
1025 2440 1084 2503 qua
1110 2423 1298 2504 populorum

98 2526 166 2587 iura
192 2523 383 2604 perfectiora
404 2523 552 2599 reddere,
573 2523 877 2604 rerumpublicarum
891 2526 1007 2586 formas
1032 2523 1210 2600 emendare,
1234 2542 1296 2607 ge-

98 2626 249 2704 nerisque
272 2623 397 2684 humani
419 2623 629 2694 conditionem
643 2622 681 2685 ad
697 2639 847 2686 summurn
871 2623 1028 2685 felicitatis
1054 2622 1215 2705 fastigium
1238 2623 1297 2686 ad-

99 2718 217 2787 ducere
237 2722 416 2785 doceamur.
440 2723 490 2785 Ad
516 2740 586 2804 quae
605 2725 708 2786 omnia
731 2725 792 2785 rite
815 2722 995 2806 peragenda
1019 2724 1193 2803 requiritur
1214 2726 1299 2787 inte-

98 2825 193 2888 rioris
224 2825 365 2886 bumanae
397 2830 517 2886 naturae
548 2825 812 2909 singulorumque
843 2824 1043 2907 ingeniorum
1074 2827 1230 2908 cognitio,
1266 2833 1299 2888 et

98 2927 383 3000 semunciarium,
417 2939 487 3005 quae
507 2927 737 2988 coniunctionis
766 2925 885 3005 aliquid
909 2942 986 2987 cum
1012 2927 1082 2987 iure
1106 2925 1224 2988 babere
1246 2927 1299 2987 vi-

100 3026 245 3101 deantur,
266 3024 368 3087 solcrs
382 3031 413 3087 et
423 3033 568 3088 accurata
582 3027 773 3107 disquisitio.
797 3025 1003 3089 Recentiores
1016 3027 1096 3088 hanc
1111 3027 1190 3088 iuris
1213 3025 1292 3088 doc-

98 3128 190 3189 trine
215 3132 334 3206 partem
357 3126 436 3187 ioris
454 3126 677 3206 philosophiam
698 3133 786 3189 recte
808 3126 1094 3211 appellaverunt1).

144 3229 175 3308 ᾖ.
189 3225 240 3289 23.
284 3227 387 3307 Atque
409 3227 467 3290 bac
488 3227 604 3309 triplici
616 3229 738 3291 ratione
763 3229 812 3290 ius
834 3228 1024 3290 illustratum
1039 3229 1092 3307 qui
1113 3243 1209 3288 nosse
1233 3243 1295 3287 vo-

100 3325 207 3403 lucrit,
230 3327 439 3390 massamuti
460 3347 571 3407 nomeu
595 3335 626 3391 et
656 3331 805 3392 honorem
835 3330 895 3392 sibi
918 3328 1080 3391 vindicare
1104 3329 1230 3410 poterit,
1266 3333 1297 3390 et

100 3446 165 3491 non
186 3429 371 3506 simulatam,
394 3429 451 3492 sed
475 3448 581 3491 ueram
603 3429 832 3512 philosophiam
855 3429 1053 3510 profitebitur
1066 3429 1104 3510 ²).

144 3531 234 3613 §.24
278 3531 409 3614 Regulae
433 3537 554 3608 autem,
586 3549 664 3610 quas
688 3533 850 3611 sequimur
871 3532 902 3592 in
923 3534 993 3593 iure
1016 3529 1185 3592 artificiose
1209 3543 1297 3590 com-

100 3632 258 3713 ponendo,
284 3650 324 3694 ex
337 3633 458 3714 ingenii
470 3633 581 3711 partim
593 3632 717 3694 humani
739 3633 837 3694 forma
853 3629 1023 3712 profluunt,
1046 3632 1158 3711 partim
1181 3629 1296 3711 singu-

100 3734 203 3796 loru'm
225 3733 302 3793 iuris
325 3731 530 3793 articulorum
550 3733 691 3812 etipsius
713 3733 759 3794 rei
781 3738 900 3793 naturae
924 3731 1088 3793 inhaerent.
1134 3729 1200 3791 lllis
1224 3732 1298 3790 uni-

100 3851 203 3898 uersae
234 3833 374 3895 scientiae
396 3832 634 3915 descriptione
656 3831 872 3894 determinatio
896 3832 1085 3907 continetur,
1107 3849 1147 3892 ex
1167 3830 1216 3892 bis
1238 3846 1297 3890 cu-

100 3937 216 4014 iusque
236 3935 333 4014 partis
357 3931 522 3996 collocatio
545 3939 578 3996 et
599 3938 744 3994 accuratu
767 3931 910 3995 delinitio
936 3930 1112 3993 deducitur.
1166 3929 1242 3990 lnde
1266 3934 1297 3989 et

99 4039 169 4116 ipsa
191 4035 270 4096 iuris
295 4035 447 4115 principia
472 4040 504 4096 et
524 4035 669 4096 notiones
697 4050 758 4095 non
780 4034 978 4094 extrinsecus
1001 4029 1187 4112 querenda,
1218 4030 1297 4105 slva,

99 4257 172 4295 nunc
189 4244 296 4312 plurimi
314 4259 341 4295 aa
361 4248 466 4306 huntur·
486 4243 708 4307 utLermtna‘er,
714 4241 909 4296 Introduction
925 4235 1299 4308 manuductorem

99 4317 223 4449 Duff&
230 4314 367 4440 majac
388 4279 569 4506 Pium
589 4385 660 4436 tarta
676 4386 847 4436 lincamenta
865 4383 963 4449 samua
980 4382 1195 4480 commemorata.

136 4454 261 4521 brari
265 4453 540 4520 ..1§..1‚1o·1‚
556 4448 695 4520 11111111
788 4478 795 4494 .
1283 4467 1286 4474 ⁴
