2798 4972
553 315 687 356 urorum.
707 316 766 354 cir.
787 313 823 354 ιν.
1230 308 1282 362 249

131 452 159 530 §-
172 445 246 510 867.
292 445 374 507 Loca
397 462 485 506 sarra
509 445 561 505 vel
584 443 756 524 religiosa,
785 445 858 504 item
883 443 1025 523 publica,
1056 448 1154 510 veluti
1177 449 1289 525 lorum,

92 546 247 609 basilicam
282 545 398 607 trustra
433 545 503 625 quis
528 547 632 606 sciens
661 546 753 618 emit3
787 560 857 622 quae
880 549 982 607 tamen
1014 549 1040 607 si
1071 566 1128 627 pro
1158 550 1290 628 privatis

92 648 140 712 vel
163 647 306 729 profanis
339 646 410 726 quis
443 647 594 727 ignorans
619 646 748 720 emerit,
788 644 913 706 habebit
934 648 1088 709 actionem
1112 667 1152 710 ex
1175 656 1290 730 empto,

91 750 172 832 quod
196 766 258 810 non
283 747 401 808 habere
424 747 452 808 ei
468 745 572 821 liceat,
597 752 630 807 ut
646 751 867 824 consequatur,
891 746 973 825 quod
992 764 1047 808 sua
1065 749 1209 825 interest,
1232 749 1291 812 de-

89 856 213 931 ceptum
237 867 308 911 eum
332 865 396 909 non
420 864 503 910 esse.
549 847 634 909 Idem
657 848 735 908 iuris
759 853 824 922 est,
855 849 881 907 si
902 847 1055 909 hominem
1076 849 1209 912 liberum
1232 869 1289 931 pro

89 969 185 1017 servo
210 952 324 1011 emerit
337 949 375 1033 ¹).

130 1057 161 1135 §-
176 1050 250 1116 868.
294 1049 427 1110 Fructus
452 1054 482 1110 et
504 1053 612 1127 partus
633 1046 730 1108 futuri
746 1055 832 1109 recte
849 1054 1003 1124 emuntur,
1027 1056 1061 1110 ut
1077 1069 1170 1129 quum
1185 1052 1289 1113 editus

90 1158 176 1217 esset
202 1156 330 1232 partus,
363 1151 422 1211 iam
447 1154 521 1209 tunc
548 1148 658 1233 (quum
682 1154 874 1209 contractum
897 1155 984 1210 esset
1007 1153 1183 1238 negotium)
1208 1171 1290 1214 ven-

88 1257 166 1318 ditio
193 1252 274 1314 lacta
297 1249 495 1330 intelligatur
504 1268 513 1323 ;
547 1248 602 1310 sed
628 1251 653 1309 si
682 1249 712 1310 id
737 1252 841 1330 egerit
867 1249 1030 1326 venditor,
1064 1269 1103 1312 ne
1124 1259 1293 1315 nascantur

88 1361 142 1418 aut
169 1353 264 1428 liant,
298 1369 338 1412 cx
368 1356 470 1430 empto
498 1351 551 1431 agi
581 1355 684 1428 potest
699 1349 737 1434 2).
782 1349 962 1429 Aliquando
987 1357 1088 1413 tamen
1112 1357 1144 1414 et
1165 1355 1233 1414 sine
1257 1371 1293 1415 re

89 1454 233 1517 venditio
262 1450 472 1533 intelligitur,
507 1452 605 1513 veluti
637 1468 731 1529 quum
757 1453 846 1529 quasi
874 1451 941 1513 alea
975 1454 1107 1528 emitur3
1140 1453 1223 1532 quod
1249 1452 1292 1528 lit,

83 1572 186 1637 -quunr
209 1559 321 1633 captus
343 1553 496 1633 piscium,
529 1552 581 1613 vel
611 1552 714 1613 avium
746 1552 797 1612 vel
823 1551 985 1613 missilium
1011 1555 1143 1628 emitur3
1177 1553 1292 1633 emptio

89 1658 172 1719 enim
195 1652 410 1726 contrahitur,
442 1652 533 1712 etiam
558 1652 585 1712 si
615 1649 693 1712 nihil
719 1651 880 1727 inciderit,
914 1654 984 1731 quia
1010 1675 1071 1713 seer
1094 1655 1209 1733 emptio
1234 1657 1292 1728 est,

89 1764 123 1820 ct
142 1754 228 1837 quod
253 1752 415 1814 missilium
439 1770 477 1813 eo
499 1768 574 1814 casu
597 1759 719 1832 captum
732 1758 791 1827 est,
814 1754 841 1813 si
861 1753 997 1813 evictum
1019 1754 1125 1829 luerit,
1150 1752 1235 1814 nulla
1255 1772 1293 1815 eo

88 1858 218 1919 nomine
238 1872 278 1916 ex
293 1857 395 1933 empto
409 1851 561 1934 obligatio
575 1853 780 1928 contrahitur,
804 1856 876 1933 quia
890 1853 919 1914 id
935 1859 1035 1914 actum
1051 1853 1240 1935 intelligitur
1251 1855 1291 1938 3).

132 1961 164 2039 ξ.
178 1957 250 2021 869.
296 1954 540 2035 Incorporalium
567 1972 671 2016 rerum
695 1955 906 2016 venditionem
929 1971 1001 2016 esse
1016 1960 1146 2016 constat,
1169 1961 1203 2015 ut
1219 1973 1292 2016 ser-

90 2061 245 2133 vitutum,
270 2055 497 2131 hereditatum,
526 2057 680 2117 actionum
692 2055 732 2142 4).
777 2055 939 2137 litigiosae
962 2073 1039 2117 vero
1063 2073 1115 2117 res
1137 2061 1190 2117 aut
1212 2055 1291 2130 aliae,

90 2177 224 2241 quarum
246 2156 394 2220 alienatio
416 2159 485 2218 iure
509 2157 663 2237 prohibita
686 2162 746 2232 est,
769 2156 983 2218 venditionem
1007 2175 1068 2218 non
1084 2158 1240 2237 recipiunt
1251 2157 1291 2243 5).

133 2264 164 2342 ξ.
179 2259 251 2323 870.
297 2258 371 2321 Sine
395 2259 497 2338 pretio
520 2256 604 2319 nulla
628 2263 676 2318 est
698 2257 856 2318 venditio:
886 2257 1019 2336 pretium
1044 2262 1146 2318 autem
1171 2257 1202 2316 in
1230 2273 1292 2317 nu-

91 2367 210 2424 merata
233 2361 368 2442 pecunia
395 2359 571 2420 consistere
599 2358 711 2420 debet:
745 2357 873 2438 explosa
896 2359 977 2419 enim
1000 2362 1031 2418 et
1053 2356 1291 2418 Sabinianorum

89 2464 219 2544 opinio,
252 2462 306 2541 qui
330 2462 422 2522 etiam
445 2461 476 2521 in
500 2459 559 2520 alia
584 2477 619 2520 re
642 2476 735 2538 posse
758 2460 891 2538 pretium
916 2459 1092 2521 consistere
1121 2457 1290 2537 putabant:

87 2570 121 2626 et
140 2563 255 2625 merito
278 2559 443 2641 praevaluit
464 2558 589 2621 Proculi
612 2559 765 2619 sententia
781 2558 935 2620 dicentis:
960 2576 1065 2620 rerum
1084 2559 1291 2638 permutatio-

87 2684 159 2727 nem
182 2663 343 2743 proprium
368 2666 546 2722 contractus
570 2676 673 2740 genus
687 2660 804 2746 essess).
849 2659 959 2739 Neque
980 2667 1082 2722 tamen
1111 2665 1290 2721 contractus

86 2769 227 2827 mutatur
252 2762 345 2841 pretii
377 2778 471 2822 causa
503 2778 565 2822 non
595 2766 753 2821 numerata
785 2762 935 2841 pecunia,
971 2761 1026 2822 sed
1055 2759 1292 2842 procerebus

87 2861 277 2946 quibusdam
296 2863 332 2929 ¹in
356 2860 493 2923 solutum
516 2861 595 2922 datis
613 2859 652 2947 l).

129 2969 160 3048 ς.
175 2963 249 3027 871.
294 2961 384 3035 Quod
407 2963 505 3044 vulgo
529 2963 608 3023 tradi
630 2962 724 3038 solet,
748 2963 881 3042 pretium
904 2979 1033 3038 verum,
1057 2967 1175 3023 certum
1197 2967 1292 3041 atque

85 3067 206 3127 iustum
238 3079 311 3123 esse
341 3062 479 3138 debere,
513 3068 657 3123 accurata
687 3068 761 3143 eget
791 3064 1062 3143 interpretatione.
1106 3061 1291 3124 Donationis

86 3180 183 3226 causa
205 3162 298 3237 lacta,
320 3179 381 3223 non
405 3163 507 3224 minus
528 3180 619 3241 quam
640 3164 824 3245 imaginaria
849 3165 999 3238 venditio,
1021 3161 1138 3223 nullius
1160 3167 1209 3223 est
1220 3181 1291 3224 mo-

86 3263 196 3325 menti.
240 3260 370 3334 Quoties
392 3280 468 3324 vero
487 3262 592 3324 viliori
605 3264 708 3343 pretio
724 3282 776 3325 res
794 3264 971 3326 donationis
985 3281 1078 3325 causa
1091 3263 1288 3339 distrahitur,

86 3363 218 3426 dubium
244 3379 307 3423 non
332 3367 391 3438 est,
414 3364 490 3442 quin
512 3362 652 3425 venditio
677 3362 780 3426 valeat
791 3364 829 3452 ⁸).

131 3467 163 3545 ξ.
178 3462 251 3526 872.
296 3461 450 3524 lncertum
465 3465 735 3543 pretiumnonnisi
749 3463 825 3526 illud
849 3470 908 3540 est,
932 3463 1015 3545 quod
1040 3463 1071 3524 in
1092 3463 1139 3523 rei
1161 3462 1294 3522 veritate

86 3564 248 3627 delinitum
272 3569 419 3625 nonest:
442 3565 469 3624 si
494 3565 574 3625 enim
594 3565 696 3627 solum
718 3568 893 3647 ignoratur,
915 3564 1022 3645 quanti
1047 3567 1145 3641 empta
1166 3579 1218 3622 res
1240 3561 1291 3635 sit,

87 3664 184 3740 valet,
200 3663 298 3726 veluti
320 3668 355 3724 ut
367 3668 468 3744 empta
489 3681 541 3725 res
563 3664 604 3724 sit
619 3667 707 3740 tanti,
733 3666 839 3744 quanti
853 3666 885 3726 in
905 3682 976 3726 arca
997 3662 1109 3724 habeat
1120 3667 1240 3742 emptor
1250 3661 1291 3746 9).

90 3790 293 3804 ψ

123 3864 152 3932 1)
171 3866 195 3926 ἓ.
217 3862 241 3916 5.
262 3864 283 3915 Ι.
301 3865 327 3915 h.
347 3869 365 3915 1.
385 3866 417 3915 fr.
436 3860 480 3913 62.
501 3862 524 3921 §-
544 3863 568 3914 1.
589 3865 620 3914 fr.
634 3859 677 3916 70.
697 3865 730 3914 D.
739 3865 765 3914 h.
774 3868 792 3914 1.

122 3936 150 4005 2)
167 3937 212 3987 Fr.
231 3934 256 3988 8.
276 3952 314 4002 pr.
333 3937 367 3986 D.
387 3936 412 3985 h.
434 3939 452 3984 t.
471 3935 502 3984 fr.
517 3933 559 3987 39.
580 3934 602 3992 §.
621 3935 646 3986 1.
665 3938 697 3986 tr.
716 3933 758 3986 78.
778 3936 800 3994 ἓ.
822 3933 847 3985 3.
867 3936 899 3984 Ι).
918 3934 981 3985 eod.

122 4006 150 4074 3)
171 4008 215 4058 rr.
235 4006 260 4058 8.
281 4004 304 4064 §-
325 4005 348 4058 1.
367 4008 401 4057 D.
423 4006 450 4055 h.
471 4010 489 4056 1.

121 4077 149 4146 4)
171 4079 215 4129 Fr.
237 4076 279 4129 11.
298 4078 326 4128 in
344 4079 363 4128 f.
380 4080 412 4128 fr.
432 4076 473 4129 12.
494 4079 527 4128 D.
548 4076 622 4140 tul
643 4074 689 4141 ((10
708 4076 860 4143 pignorio).
886 4077 946 4142 Dig.
966 4075 1015 4139 18,
1032 4072 1050 4127 4
1070 4072 1118 4139 ((10
1137 4075 1288 4126 hereditate

91 4151 256 4202 relectione
276 4145 408 4214 vendita).

98 4232 101 4237 '
123 4220 150 4287 5)
174 4221 204 4274 0.
222 4218 311 4272 2.-4.
333 4221 362 4272 0.
380 4218 408 4284 8,
425 4215 460 4271 37
481 4218 528 4285 ((10
552 4216 695 4284 litigiosis).

123 4292 152 4359 6)
171 4293 194 4353 ξ.
214 4293 240 4346 2.
262 4293 283 4343 Ι.
301 4293 328 4342 h.
346 4299 364 4343 1.
385 4295 417 4343 fr.
435 4289 459 4342 1.
477 4290 500 4351 ὅ.
520 4290 544 4342 1.
563 4292 596 4341 D.
619 4288 661 4354 18,
680 4289 693 4341 1
715 4288 753 4355 (h.
772 4287 813 4356 1.).

124 4362 152 4430 7)
173 4365 202 4416 (1.
222 4363 247 4416 9.
268 4362 297 4415 G.
315 4361 343 4428 4,
363 4359 400 4414 44
419 4359 467 4428 ((10
485 4362 599 4414 rescind.
618 4357 720 4426 vend).

123 4432 152 4501 8)
169 4436 231 4502 Ulp.
253 4434 282 4484 in
300 4435 332 4485 fr.
350 4430 393 4485 38.
412 4431 506 4485 (15.1).
526 4435 589 4486 111.
608 4435 639 4485 fr.
659 4430 701 4485 54.
720 4435 753 4484 D.
772 4430 816 4496 44,
834 4430 851 4485 7
870 4432 918 4500 ((10
937 4432 991 4484 obl.
1011 4427 1129 4495 01001).

125 4504 151 4572 9)
172 4507 215 4558 Fr.
235 4503 260 4557 7.
280 4504 304 4566 δ.
324 4505 348 4558 1.
368 4503 393 4556 2.
411 4506 445 4557 D.
463 4504 490 4556 h.
508 4509 526 4554 t.
