2804 4966
105 313 156 370 176
427 322 626 361 inarrrurrosm
645 323 718 360 ιιιιιιι
737 321 841 362 aonam
863 324 982 366 rarvarr.

144 458 174 538 6.
185 454 256 518 624.
301 452 498 540 infirmantur
519 452 655 531 denique
675 455 872 528 testamenta,
896 469 993 532 quaea
1019 454 1228 516 testatoribus
1250 473 1301 516 re-

102 561 266 619 vocantur.
289 556 395 617 Potest
416 560 518 617 autem
541 554 704 616 revocatio
725 553 776 615 vel
793 552 901 616 verbis
924 553 992 616 lieri
1017 555 1067 618 vel
1090 555 1195 618 lactis.
1221 556 1300 618 lustu

102 657 228 738 quidem
261 663 310 719 est
339 656 445 718 verbis
477 655 557 718 lacta
587 657 770 731 revocatio,
808 672 878 734 quae
898 656 981 718 inter
1000 662 1067 719 acta
1089 659 1233 720 refertur
1252 656 1299 719 vel

101 777 205 834 coram
229 756 329 819 tribus
351 757 484 818 testibus
508 756 541 817 lit
550 773 559 830 ;
589 755 645 817 sed
676 761 750 817 tunc
773 756 895 817 demum
920 763 1103 820 revocatum
1130 763 1300 820 testamen-

101 866 166 922 tnm
189 864 248 938 est,
273 875 342 920 cum
365 857 473 919 decem
497 874 648 918 annorum
672 861 793 918 aetatem
819 857 1003 938 attigeritl).

142 961 236 1024 Facto
259 959 293 1020 lit
315 960 487 1034 revocatio,
513 956 639 1037 quando
662 961 794 1018 testator
816 961 1034 1019 testamentum
1048 973 1140 1020 suum
1167 958 1292 1035 delevit,

102 1064 153 1126 vel
177 1062 238 1125 alio
262 1061 354 1123 modo
377 1058 522 1134 sustulit,
555 1076 593 1120 eo
624 1057 776 1133 consilio,
808 1062 842 1118 ut
863 1059 1030 1119 intestatus
1061 1061 1226 1121 moriatur.
1268 1061 1304 1127 Si

99 1163 279 1227 inconsulto
305 1161 494 1223 dilaceretur
516 1162 750 1235 testamentum,
782 1158 835 1219 vel
859 1159 1078 1236 subtrahatur,
1109 1160 1218 1222 valere
1241 1179 1300 1227 non

99 1265 216 1328 desinit
227 1263 267 1350 ²).

582 1445 829 1456 ——n

634 1596 764 1660 611111.

98 1778 161 1844 DE
182 1775 487 1859 AGQUIRENDIS
511 1777 598 1842 VEL
620 1775 893 1844 OMITTENDIS
922 1774 1278 1844 HEREDITATIBUS.

240 1953 308 2005 TIT.
328 1953 349 2002 1.
387 1949 520 2013 QUIBUS
540 1951 653 2002 MODIS
673 1950 879 2002 HEREDITAS
897 1948 1160 2016 scammum).
1273 1995 1277 2002 .

139 2085 252 2170 §.625
296 2085 460 2147 Hereditas
483 2083 585 2176 delata
607 2085 817 2164 acquisitione
842 2084 963 2147 demum
995 2083 1123 2146 heredis
1150 2101 1217 2145 esse
1239 2083 1277 2143 in-

98 2187 182 2267 cipit.
227 2185 418 2259 Quibusdam
442 2190 545 2247 autem
568 2185 842 2266 hereditatesipso
863 2187 933 2247 iure
956 2186 1182 2265 acquiruntur,
1205 2178 1277 2244 simul

97 2291 192 2366 atque
223 2284 334 2348 delatae
365 2291 455 2360 sunt3
485 2284 537 2346 alii
558 2283 640 2347 lacto
672 2302 730 2348 suo
763 2291 881 2348 tantum
905 2303 957 2348 eas
982 2287 1015 2348 in
1038 2302 1074 2347 se
1094 2285 1275 2349 translermt.

98 2384 175 2447 lnde
198 2385 310 2448 titulus
332 2385 371 2447 de
395 2383 545 2447 heredum
571 2385 720 2465 qualitate
751 2392 783 2448 et
804 2385 990 2449 differentia.
1042 2385 1185 2447 Heredes
1214 2382 1275 2445 enin

96 2491 150 2549 aut
170 2487 344 2548 necessarii
374 2485 539 2562 dicuntur,
563 2491 616 2547 aut
640 2488 689 2548 sui
707 2493 739 2547 et
760 2489 944 2564 necessarii,
967 2492 1020 2550 aut
1050 2486 1201 2549 extranei.
1239 2478 1274 2543 11Ιί

96 2588 166 2667 ipso
187 2589 257 2649 iure
278 2587 413 2649 heredes
437 2585 530 2648 liunt:
552 2587 584 2647 bi
607 2586 691 2648 illam
714 2588 927 2668 suscipiendo.

138 2692 169 2769 §-
181 2684 253 2750 626.
297 2687 503 2750 Necessarius
526 2686 619 2749 heres
642 2692 691 2749 est
710 2705 824 2749 servus
845 2689 992 2769 proprius
1015 2689 1109 2750 heres
1127 2686 1275 2761 institutus,

96 2786 168 2849 ideo
192 2787 238 2848 sic
255 2788 443 2869 appellatus,
467 2788 550 2867 quia,
572 2789 641 2849 sive
656 2787 734 2865 vult,
758 2790 827 2850 sive
841 2806 904 2851 non
928 2787 1006 2865 vult,
1031 2788 1205 2850 omnimodo
1224 2783 1276 2864 post

96 2894 225 2951 mortem
236 2889 396 2950 testatoris
417 2887 499 2949 liber
516 2893 547 2949 et
559 2889 761 2950 necessarius
773 2889 867 2951 heres
887 2889 931 2950 lit.
955 2887 1044 2951 Unde
1058 2890 1112 2968 qui
1133 2887 1275 2950 facultates

96 3006 170 3052 suas
187 2994 351 3069 suspectas
369 2987 534 3065 habebunt,
551 3005 678 3050 servum
695 3006 786 3051 suum
800 2991 902 3071 primo
916 2994 969 3051 aut
985 2988 1128 3051 secundo
1141 2988 1194 3050 vel
1209 2985 1275 3047 ulte·

96 3092 183 3151 riore
204 3087 305 3171 gradu
326 3087 475 3150 heredem
497 3088 663 3151 instituere
694 3089 858 3166 solebant,
891 3094 925 3151 ut
947 3090 974 3150 si
997 3087 1210 3151 creditoribus
1229 3096 1274 3146 non

96 3187 236 3265 satisfiat,
260 3190 365 3269 potius
387 3189 455 3250 eius
469 3184 616 3266 benedis,
637 3207 728 3269 quam
752 3193 924 3281 testatoris,
946 3190 1026 3253 bona
1048 3209 1065 3251 a
1088 3184 1274 3264 creditoribus

95 3291 336 3372 possiderentur
360 3295 391 3350 et
414 3287 666 3351 distraherentur
680 3290 719 3376 ⁴).

137 3394 169 3474 6.
182 3391 254 3456 627.
299 3388 370 3470 lpso
393 3390 463 3452 iure
488 3390 693 3454 hereditatem
713 3391 1053 3474 etiam'acquiruntt),
1084 3391 1138 3470 qui
1164 3389 1211 3452 sui
1231 3383 1272 3445 be·

94 3491 189 3554 redes
210 3487 420 3572 appellantur,
444 3490 552 3570 quales
576 3498 649 3552 sunt
672 3493 705 3568 ii,
728 3495 781 3573 qui
805 3509 873 3554 cum
896 3493 953 3554 sub
977 3495 1135 3572 potestate
1159 3477 1273 3550 defuncti

97 3597 182 3669 sunt,
205 3597 236 3654 et
255 3608 312 3653 seu
336 3589 373 3652 ab
397 3591 545 3654 intestato
570 3609 628 3654 seu
650 3611 689 3653 ex
711 3598 896 3656 testamento
920 3592 1047 3676 (exboc
1070 3590 1194 3672 quidem
1215 3595 1273 3694 putt

97 3692 232 3753 instituti
266 3692 318 3754 vel
350 3692 470 3773 absque
494 3693 693 3771 conditione,
721 3712 791 3774 quae
813 3696 845 3756 in
871 3711 980 3756 eorum
1000 3697 1156 3774 potestate
1178 3689 1232 3776 est)
1251 3695 1273 3742 a

97 3843 296 3853 n-——-—.-.-..

131 3926 276 4055 1)0.217.
295 3928 666 3997 c.‚..§623(‹10ceatam)
667 3929 800 3986 7111
820 3938 838 3985 t

290 4020 329 4070 1>·r
348 4001 371 4061 §-
390 4000 416 4053 3·
434 4005 452 4054 Ι
471 4002 496 4054 2
515 4006 549 4056 D
570 4001 614 4070 28,
632 3933 666 4056 4ἓ
678 4003 725 4068 (de
745 4007 786 4058 hia
806 4007 895 4075 quiin
912 4009 1017 4057 testam.
1038 3999 1181 4069 delentur).
1208 3991 1271 4053 affl

97 4073 171 4213 030
181 4001 378 4214 0320009000
393 4145 484 4197 harad
504 4147 595 4214 qualit
620 4154 647 4200 et
673 4145 841 4214 differentia)
879 4147 940 4200 Gai
958 4144 1023 4205 26
1025 4141 1199 4199 ,152-177.
1226 4137 1270 4202 ml·

96 4218 182 4270 XXII.
200 4214 267 4270 24-
271 4214 314 4269 34.
332 4220 366 4270 D.
385 4217 429 4282 29,
448 4214 531 4284 apte
550 4220 649 4287 acquir
670 4222 714 4272 val
732 4221 814 4272 omitt.
834 4215 948 4285 harad..)
967 4220 996 4272 0.
1010 4216 1036 4282 6,
1056 4215 1092 4271 30
1111 4214 1157 4284 (da
1173 4208 1270 4268 imola

96 4286 253 4426 hbglragdil)
266 4361 287 4412 Ι.
307 4361 361 4414 h.t
381 4361 423 4412 De
442 4359 524 4413 huius
541 4360 648 4414 heredia
667 4360 1106 4416 commodiaat1noommodrarrde
1126 4356 1148 4418 6
1159 4357 1184 4411 2
1201 4346 1270 4410 tul

97 4429 1053 4567 ο00001006116111261661576666611116
