2804 4966
472 308 478 312 ’
587 328 680 367 rorant
700 327 804 366 cruris.

592 458 719 521 CAPUT
742 456 793 518 lv.

532 592 580 654 De
603 589 699 652 tutela
721 593 752 648 ct
772 603 858 649 curu.
1235 651 1240 655 ,

904 748 909 757 .
1230 680 1293 751 Peg.

99 774 190 836 Titui.
221 773 244 833 1.
346 770 393 832 De
417 768 516 832 tutela
544 810 1191 828 .............
1254 768 1295 833 60

140 919 155 952 „
221 873 260 934 ll.
348 870 407 944 Qui
433 874 617 933 testamento
642 873 763 931 tutores
786 867 863 930 dare
888 873 1021 947 possunt
1077 913 1084 928 .
1131 912 1137 926 .
1184 899 1217 928 .·
1254 869 1293 933 61

139 1021 155 1054 „
220 973 273 1035 111.
345 971 392 1033 De
416 971 556 1054 legitima
579 969 676 1033 tutela
705 1013 1191 1030 ..........
1255 969 1296 1034 62

138 1119 154 1154 „
218 1075 268 1136 tv.
345 1072 391 1134 Do
413 1079 516 1134 tutore
540 1092 556 1133 a
578 1075 764 1155 magistratu
786 1072 858 1135 dato
918 1117 957 1132 .,
971 1117 1191 1132 .....
1255 1072 1296 1137 62

140 1219 156 1252 „
220 1172 255 1233 V.
347 1171 392 1234 De
414 1173 600 1251 auctoritate
623 1177 655 1233 et
679 1172 947 1234 administratione
967 1176 1138 1235 tutorurn.
1184 1220 1191 1234 .
1255 1174 1295 1238 63

138 1319 154 1353 ,‚
218 1273 270 1334 vl.
343 1271 464 1345 Quibus
486 1274 586 1334 modis
610 1272 707 1351 tutela
730 1271 836 1334 [initur
865 1318 1190 1334 .......
1254 1273 1296 1340 65

139 1421 154 1454 „
219 1373 286 1435 Vll.
343 1374 388 1437 Dc
411 1375 609 1437 curatoribus
648 1420 655 1434 .
701 1420 707 1435 .
755 1420 762 1435 .
809 1422 815 1436 .
862 1402 869 1417 ·
916 1420 1190 1435 ......
1255 1373 1295 1438 66

140 1521 155 1553 „
222 1473 302 1536 v111.
338 1474 386 1537 De
410 1476 667 1538 satisdationibus
692 1482 828 1539 tutorum
853 1481 884 1538 et
907 1481 1085 1538 curatorum
1131 1520 1138 1534 .
1184 1520 1190 1534 .
1255 1472 1296 1537 68

139 1621 155 1652 „
221 1574 273 1635 IX.
338 1574 397 1648 Qui
420 1582 541 1638 tutores
564 1577 616 1639 vel
638 1584 802 1641 curatores
825 1595 897 1639 esse
919 1596 981 1640 non
1006 1582 1140 1658 possunt
1184 1622 1190 1636 .
1255 1575 1295 1640 69

138 1720 154 1753 „
217 1675 256 1736 X.
341 1676 388 1738 De
411 1679 667 1741 excusationibus
690 1686 826 1741 tutorurn
850 1678 901 1741 vel
925 1685 1137 1742 curatorum.
1183 1723 1217 1739 .,
1256 1677 1296 1741 70

138 1820 154 1853 „
217 1775 270 1836 Xl.
336 1777 383 1841 Dc
406 1781 563 1861 suspectis
587 1782 743 1843 tutoribus
767 1787 797 1843 et
820 1781 1018 1843 curatoribus
1078 1825 1085 1839 .
1131 1823 1138 1838 .
1184 1824 1190 1837 .
1256 1775 1293 1839 71

330 1971 335 1975 —
459 1920 622 2009 meua
647 1939 933 2010 succubus,

337 2088 395 2160 De
419 2087 525 2160 rebus
553 2094 589 2157 et
615 2085 911 2182 acquisitionibus
935 2109 1069 2156 eurum.

569 2248 668 2312 PARS
693 2247 820 2310 PRIOR.

91 2380 139 2442 De
162 2399 265 2442 rerum
289 2381 438 2446 divisione
459 2389 489 2445 et
507 2382 756 2466 quemadmodum
770 2382 898 2463 ainputoe
913 2401 965 2445 ros
976 2382 1064 2446 nobis
1077 2382 1289 2464 acquiruntur.

530 2586 537 2598 a
602 2540 729 2603 CAPUT
752 2539 776 2601 1.

151 2673 198 2735 De
220 2672 352 2734 diuersis
376 2690 488 2734 rerum.
501 2671 702 2734 divisionibus
724 2678 753 2732 et
774 2672 810 2733 de
831 2672 1019 2751 acquirendo
1041 2654 1242 2752 possessione.

98 2832 192 2896 Titui.
223 2832 245 2892 1.
347 2833 393 2895 De
416 2832 512 2895 rebus
535 2827 753 2912 corporalibus
806 2878 1186 2894 ........
1255 2793 1293 2899 76

140 2979 155 3012 „
222 2932 260 2994 ΙΙ.
347 2932 393 2995 De
416 2933 511 2996 rebus
534 2933 785 3013 incorporalibus
811 2978 1189 2995 ........
1255 2937 1293 2998 ii

143 3079 158 3111 „
224 3033 277 3094 ΙΙΙ.
349 3034 396 3097 De
416 3034 608 3115 acquirenda
627 3039 659 3095 ct
685 3027 851 3096 a'nrittanda
866 3051 971 3095 rerum
986 3035 1189 3114 possessione
1254 3039 1293 3103 79

600 3211 728 3276 CAPUT
747 3213 785 3276 ΙΙ.

586 3343 634 3406 De
655 3343 796 3408 dominio.
847 3307 866 3395 ,η

98 3477 191 3539 Titui.
223 3477 246 3537 Ι.
348 3474 483 3538 Dominii
505 3475 592 3536 notio
607 3479 701 3554 atque
714 3480 824 3537 natura
844 3481 903 3537 tarn
921 3494 961 3537 ex
976 3477 1044 3539 iure
1065 3498 1193 3545 romano

389 3574 571 3651 recentiori,
596 3592 687 3654 quam
709 3577 838 3655 antiquo
862 3621 1188 3642 .......
1253 3583 1294 3647 84

137 3718 153 3754 ,,
219 3675 257 3736 11.
343 3675 390 3735 ite
417 3675 623 3755 occupatione
648 3692 754 3736 rerurn
773 3674 892 3736 nullius
916 3721 1189 3742 ......
1254 3682 1294 3746 88

139 3823 154 3855 „
219 3777 272 3839 111.
343 3776 389 3838 De
416 3777 653 3839 accessionibus
699 3821 1187 3844 ..........
1252 3785 1294 3848 90

136 3923 151 3956 „
217 3877 269 3939 lv.
340 3876 387 3939 De
411 3877 610 3940 traditione.

138 3984 153 4053 3,
218 3975 254 4037 V.
339 3977 386 4038 De
411 3977 657 4058 usucapionibus
683 3982 714 4038 ct
736 3979 1026 4058 praescriptionibus
1072 4025 1079 4040 .
1127 4027 1133 4040 .
1180 4028 1186 4042 .

136 4123 152 4156 „
218 4077 269 4139 Vl.
337 4077 383 4139 De
406 4077 475 4141 aliis
496 4077 680 4159 quibusdam
703 4092 808 4140 rerum
831 4077 1031 4161 singularum
1052 4081 1193 4160 acquisi-

386 4179 524 4242 tionibus
593 4224 1185 4240 ............
1231 4179 1293 4256 102

135 4323 150 4357 „
218 4278 283 4340 Vll.
342 4278 401 4341 Per
423 4296 500 4358 quas
523 4297 674 4360 personas
697 4280 788 4343 nobis
810 4281 984 4360 acquiritur
1020 4324 1027 4339 .
1180 4325 1187 4339 .
1231 4279 1293 4348 102

137 4424 152 4457 „
217 4379 299 4443 vlit.
343 4380 465 4453 Quibus
489 4399 528 4442 ex
552 4382 655 4443 causis
679 4381 848 4445 dominium
870 4381 960 4444 nobis
983 4380 1133 4442 auaittitur
1180 4425 1187 4440 .
1232 4381 1292 4446 105

134 4521 151 4556 „
217 4479 270 4541 IX.
343 4480 463 4554 Quibus
486 4481 627 4546 alienare
649 4480 724 4545 licet
744 4479 797 4545 vel
819 4498 882 4544 non
911 4523 1185 4545 ......
1231 4479 1291 4544 106
