2804 4966
483 335 601 378 ursssu.
614 335 720 374 suasu.
733 334 792 375 oss.
801 337 832 375 u.
1215 330 1268 385 149

61 473 209 557 germani
232 477 264 536 et
287 488 415 535 sorores
431 489 590 555 germanae
609 471 766 552 liberique
780 469 911 534 fratrum
936 487 1123 535 sororumve
1145 473 1271 554 prado-

60 573 254 652 functorum‚
277 592 318 637 cx
338 573 438 654 primo
461 572 574 656 gradu.

105 673 269 739 Vocantur
297 675 407 755 itaque
435 679 583 755 parentes
619 673 690 759 (eos
721 671 818 735 hodie
848 670 1049 735 ascendentes
1082 675 1269 762 appellant),

64 779 87 839 i.
107 793 137 839 e.
163 780 227 839 tam
249 779 341 855 pater
362 780 395 837 et
412 779 522 852 mator,
547 792 638 853 quam
660 775 713 835 alii
736 779 894 854 parentes,
918 775 972 854 qui
993 781 1175 856 supersunt,
1199 777 1269 839 sive

61 875 197 940 masculi
216 874 288 938 sive
313 873 450 948 feminae,
471 874 541 936 sive
563 888 631 935 suae
652 874 819 953 potestatis
841 876 910 935 sive
941 874 999 936 sub
1029 880 1185 954 potestate
1211 876 1270 938 fuit

62 979 105 1055 is,
130 977 185 1040 cui
206 964 410 1039 succedunt(
437 974 469 1039 Si
492 975 602 1055 piures
624 973 830 1036 ascendentes
854 980 946 1051 sunt,
972 974 1004 1036 hi
1033 982 1269 1055 praeponuntur,

30 1126 33 1133 .
64 1078 121 1159 qui
143 1077 289 1159 proximo
309 1075 412 1157 gradu
434 1076 654 1155 reperiuntur,
684 1076 815 1138 masculi
837 1081 868 1137 et
890 1074 1030 1151 feminae,
1055 1077 1124 1138 sive
1147 1081 1270 1158 paterni

63 1181 137 1242 siue
161 1177 292 1241 materni
315 1181 398 1238 sunt.
444 1175 477 1240 st
501 1193 541 1237 ex
562 1175 672 1238 eodem
695 1174 795 1258 gradu
817 1181 901 1253 sunt,
925 1175 1085 1239 bereditas
1108 1177 1272 1258 acqualiter

63 1282 228 1344 intereos
252 1276 421 1354 dividitur,
442 1278 540 1339 itaut
563 1276 719 1339 dimidiam
742 1281 861 1356 partem
884 1293 991 1339 omnes
1013 1279 1135 1358 paterni
1155 1296 1271 1341 ascen-

64 1382 202 1457 dentes,
226 1384 380 1460 quotquot
405 1379 486 1454 sint,
509 1379 680 1458 accipiant,
703 1379 856 1458 reliquam
879 1397 956 1440 vero
978 1379 1134 1441 dimidiam
1157 1397 1272 1443 ascen-

64 1483 181 1546 deutes
203 1479 347 1556 materni,
370 1484 574 1560 quotcunque
598 1497 653 1541 eos
674 1479 811 1541 inveniri
824 1480 995 1562 contigerit
1008 1479 1045 1566 1).
1090 1480 1270 1544 Succedunt

63 1584 98 1646 iu
121 1583 187 1644 boc
208 1579 321 1643 ordine
345 1586 377 1642 et
396 1579 569 1662 adrogatur
591 1584 623 1642 et
643 1582 698 1661 qui
723 1580 817 1661 plene
840 1579 1016 1660 adoptavit,
1040 1599 1099 1643 neo
1130 1600 1193 1645 non
1220 1581 1271 1644 fe-

65 1685 170 1759 mina,
201 1697 272 1762 quc
293 1681 473 1762 adoptavit,
509 1686 608 1743 mater
632 1686 664 1743 et
686 1687 833 1762 parentes
857 1684 924 1744 eius
952 1684 1044 1745 etiam
1067 1683 1177 1745 liberis
1204 1684 1271 1745 suis

64 1783 247 1866 illegitimis
272 1787 304 1845 et
327 1781 593 1845 descendentibus
616 1800 736 1844 eorum.
1109 1842 1117 1861 ,

108 1887 140 1968 §-
154 1883 229 1951 519.
273 1882 394 1956 Quodsi
418 1900 488 1944 cum
510 1883 752 1945 ascendentibus
775 1884 978 1946 inveniantur
1002 1883 1116 1946 fratres
1138 1882 1190 1944 vel
1213 1901 1270 1945 so-

66 2002 162 2048 rores
184 1982 334 2047 defuncto
354 2002 412 2065 per
432 1988 600 2065 utrumque
623 1989 785 2064 parentem
808 1986 977 2065 coniuncti,
1001 2002 1070 2045 cum
1092 1982 1271 2045 ascenden-

69 2086 154 2149 tibus
188 2084 290 2169 gradu
318 2084 520 2166 propioribus
550 2091 722 2164 vocantur,
758 2085 817 2146 etsi
857 2089 947 2165 pater
976 2090 1029 2146 aut
1058 2088 1157 2145 mater
1190 2085 1270 2146 sint:

71 2185 247 2248 hereditate
269 2183 393 2247 scilicet
414 2185 499 2246 inter
527 2202 583 2247 eos
606 2203 665 2266 pro
696 2202 826 2248 numero
853 2201 1058 2265 personarum
1091 2184 1272 2260 dividenda,

75 2292 109 2347 ut
130 2285 263 2367 quilibet
283 2284 518 2347 ascendentium
541 2291 572 2347 et
588 2284 717 2348 fratrum
732 2285 884 2366 aequalem
899 2291 1017 2365 partem
1033 2283 1156 2346 babeat.
1179 2284 1272 2348 Nulla

80 2396 200 2466 quoque
221 2385 401 2449 differentia
423 2386 506 2448 inter
528 2402 581 2448 eas
605 2404 758 2467 personas
781 2386 987 2449 observatur:
1017 2405 1056 2448 an
1087 2385 1208 2447 feminae
1233 2404 1271 2447 an

85 2485 204 2548 masculi
227 2487 301 2564 sint,
325 2489 379 2566 qui
404 2486 443 2550 ad
464 2488 668 2550 hereditatem
692 2493 855 2564 vocantur,
878 2505 917 2550 an
938 2506 995 2569 per
1016 2486 1207 2563 masculum,
1232 2505 1271 2549 an

88 2600 138 2663 per
156 2587 295 2650 feminam
316 2589 549 2670 coniungantur
559 2588 606 2677 ²),
632 2608 671 2651 an
691 2590 740 2651 sui
761 2590 860 2665 iuris,
880 2608 919 2651 an
941 2589 998 2650 sub
1021 2594 1176 2669 potestate
1198 2591 1271 2651 sint.

127 2687 231 2768 §.oto
274 2687 382 2752 Liberi
405 2689 511 2751 fratris
535 2692 676 2772 germani
699 2689 752 2751 vel
775 2691 895 2752 sororis
914 2706 1072 2771 germanae
1087 2705 1127 2749 ex
1140 2687 1272 2751 Novella

40 2814 43 2819 ·
97 2781 212 2849 titur.
234 2806 305 2853 cum
325 2790 509 2871 parentibus
532 2796 564 2853 et
593 2789 690 2852 fratre
717 2791 770 2852 vel
791 2808 901 2852 sorore
930 2789 1069 2852 defuncti
1098 2790 1190 2851 simul
1212 2808 1274 2852 non

100 2881 296 2951 adnituntur:
328 2891 421 2952 immo
449 2907 506 2970 per
536 2895 683 2969 parentes
707 2889 967 2976 excludunturss).
1010 2890 1077 2952 Hoc
1098 2892 1147 2953 ius
1171 2890 1273 2952 a'utem

102 2980 267 3051 iustinianus
286 2991 319 3053 in
340 2989 473 3053 Novella
487 2989 635 3052 CXXVII.
658 2992 808 3066 correxit,
831 2991 1013 3053 statuendo:
1040 2991 1091 3068 „si
1116 2992 1186 3072 quis
1203 3010 1274 3055 rno-

103 3082 168 3166 n'cus
187 3090 352 3171 reliquerit
379 3091 543 3172 quemdam
568 3110 606 3154 ex
632 3092 876 3154 ascendentibus
905 3098 936 3155 et
959 3092 1093 3168 fratres,
1127 3097 1274 3175 quicum

105 3190 256 3259 parentibus
282 3193 391 3255 uocari
414 3198 563 3273 possunt,
588 3194 783 3274 alteriusque
806 3193 912 3256 fratris
936 3196 1115 3275 praeniortui
1140 3195 1271 3272 liberos,

106 3286 131 3341 ¹1
138 3302 193 3354 tou
201 3293 449 3356 ascendentibus
465 3300 496 3356 et
511 3293 671 3369 fratribus,
695 3295 900 3376 praedefuncti
914 3299 1005 3358 etiam
1018 3295 1124 3357 fratris
1138 3294 1229 3359 liberi
1241 3296 1268 3382 ⁴)

10 3464 13 3475 μ
106 3393 235 3471 iterumr,
258 3402 291 3458 ct
311 3399 425 3457 tantam
447 3401 565 3475 partem
586 3396 751 3475 accipiant,
777 3402 921 3475 quantam
944 3401 1033 3475 pater
1054 3398 1193 3476 ipsorum
1215 3414 1271 3458 ac-

108 3489 221 3561 bruma
243 3495 368 3573 fuisset,
390 3498 417 3559 si
439 3497 594 3559 viveret‘.

135 3584 230 3663 bbfl.
274 3595 309 3657 In
332 3597 390 3659 bac
408 3602 512 3659 autem
534 3599 653 3678 specie,
677 3600 704 3659 si
726 3616 796 3660 cum
818 3597 913 3660 fratre
937 3597 1077 3659 defuncti
1090 3596 1142 3659 vel
1160 3616 1272 3662 sorore

108 3679 143 3742 tol
158 3685 256 3759 liberis
278 3714 389 3760 eorum
417 3702 507 3777 pater
539 3699 721 3774 concurrit,
752 3699 785 3759 in
814 3699 922 3759 barum
952 3715 1157 3778 personarum
1183 3705 1272 3780 parte

108 3781 196 3857 tullum
212 3799 272 3861 sibi
295 3799 524 3861 usumfructum
547 3800 709 3862 vindicare
732 3805 846 3881 potest,
871 3802 1017 3880 quoniam
1040 3819 1097 3882 pro
1119 3802 1176 3864 iiio
1190 3819 1271 3863 usu-

108 3918 267 3955 N*-

130 4003 151 4072 Ῑ)
164 4014 222 4080 Sum
236 4025 333 4077 iterum
348 4025 497 4079 maximam
513 4031 618 4093 partem
635 4026 695 4092 ipss
712 4026 832 4077 Novella
851 4028 943 4090 uerba,
962 4045 984 4080 o.
1004 4031 1029 4082 2.
1049 4028 1077 4079 in
1095 4027 1166 4079 med.
1197 4029 1269 4079 Inter

37 4136 43 4155 .
107 4068 159 4131 Μ’
170 4099 280 4149 misma
298 4101 326 4150 st
341 4102 454 4164 paterna
471 4103 583 4151 nonest
603 4097 831 4164 distinguendum:
857 4099 959 4152 scilicet
975 4104 1004 4150 ut
1022 4105 1134 4167 paterna
1152 4098 1269 4164 paternis

19 4149 47 4217 ⁰5
87 4156 234 4232 brutum,
254 4173 376 4221 materna
392 4171 520 4222 maternis
540 4170 700 4222 deferantur.

130 4216 143 4269 ²
166 4228 218 4299 lpse
233 4239 354 4293 Novella
370 4242 462 4293 verbs.

130 4286 143 4340 3
166 4300 219 4375 ⁰⁸1t
237 4309 262 4365 3.
299 4311 344 4376 „si
364 4328 425 4364 oum
443 4313 571 4366 fratribus
585 4313 705 4365 defuncti
724 4311 1000 4374 ascendentesetiam,
1015 4316 1044 4362 ut
1063 4314 1125 4361 ante
1147 4309 1268 4362 diximus

10 4360 51 4424 iffi
75 4358 79 4365 Ι
108 4354 134 4407 ⁸¹¹
147 4363 302 4436 htreditatum
322 4389 463 4447 vocantur,
481 4385 556 4436 nullo
574 4385 656 4437 modo
674 4385 711 4435 ad
729 4386 925 4438 successionem
944 4384 978 4432 ab
988 4384 1112 4435 intestato
1127 4382 1218 4433 fratris
1233 4398 1266 4433 ve

106 4437 181 4496 ’Μὴ
193 4449 284 4508 liberos
302 4457 395 4509 vocari
411 4456 608 4524 permittimus.“

129 4499 153 4569 4)
167 4514 216 4575 Le.
231 4526 309 4582 liberi
326 4527 416 4582 fratris
434 4542 472 4581 ex
489 4533 601 4596 ubsque
620 4533 734 4594 parente
754 4528 877 4581 defuncto
897 4525 1037 4578 coniuncti.
