2804 4966
30 316 33 324 .
92 279 112 335 4
413 284 621 323 11111111111111
638 283 714 321 uuum
733 281 837 321 1111111
857 282 977 319 ruinart.

108 416 312 482 cessitatibus
338 416 532 478 conueniens
562 413 697 496 singulis
721 414 909 488 inveniatur,
943 411 973 473 id
997 429 1054 491 pro
1084 413 1152 474 iure
1171 414 1211 475 ab
1238 415 1309 477 illis

103 519 271 583 habebitur
293 522 325 579 et
348 516 537 579 servabitur.
584 514 737 587 Quocirca
766 513 883 575 infinita
908 513 962 575 illa
985 514 1062 574 iuris
1085 514 1166 593 apud
1190 514 1308 578 diver-

99 638 153 684 sos
173 617 308 701 populos
333 617 511 680 discrimina
534 614 720 678 naturaliter
742 621 772 676 et
794 615 982 676 necessitate
1004 613 1136 694 quadam
1159 617 1306 677 instituta

99 719 232 782 dicenda
254 725 337 802 1111

144 823 174 903 ξ.
190 820 240 882 11.
285 818 510 882 crescentibus
531 818 627 879 rebus
652 816 804 896 publicis,
829 822 860 878 et
883 814 1075 895 amplificatis
1102 818 1174 877 vitae
1197 815 1307 878 civilis

101 920 288 995 rationibus,
314 920 432 999 scriptu
456 921 525 980 iure
546 917 654 1000 populi
677 918 721 978 uti
743 917 863 990 solent3
886 917 964 977 iuris
989 918 1069 977 enim
1092 916 1307 977 consuetudi-

101 1038 159 1083 nes
184 1021 310 1100 scriptis
334 1022 574 1101 consignantur,
597 1023 628 1079 et
649 1016 741 1098 leges
764 1017 919 1078 seruntur.
955 1015 1008 1078 llae
1030 1021 1132 1078 autem
1158 1034 1227 1095 quae
1250 1023 1309 1080 aut

99 1140 180 1186 nova
204 1123 283 1184 iuris
309 1125 469 1201 praecepta
493 1120 647 1194 sanciunt,
671 1125 724 1181 111
745 1119 978 1180 controversias
995 1117 1152 1192 decidunt,
1174 1118 1305 1197 publica

102 1224 310 1298 auctoritate,
341 1223 499 1302 praecipue
522 1219 559 1282 ad
583 1218 783 1281 stabilitatem
806 1219 884 1280 iuris
905 1218 1083 1281 firmandam
1107 1221 1306 1299 scribuntur,

100 1342 160 1386 111
181 1341 306 1404 semper
327 1324 388 1396 ius,
410 1322 498 1382 cuius
521 1320 683 1383 sanciendi
708 1337 801 1382 causa
819 1319 974 1395 feruntur,
998 1321 1128 1401 primum
1153 1322 1306 1384 introdu-

104 1429 188 1486 cunt.
231 1422 277 1484 Ne
300 1422 479 1487 necessaria
504 1421 629 1500 quidem
653 1421 786 1482 suntad
810 1421 966 1483 civitatem
990 1421 1070 1482 bene
1086 1422 1305 1500 ordinandam,

104 1529 135 1586 et
157 1539 241 1603 saepe
254 1522 292 1583 ab
318 1522 477 1583 extraneis
500 1523 603 1583 causis
626 1522 779 1603 originem
800 1527 936 1597 sumunt,
959 1521 1058 1582 veluti
1078 1540 1118 1583 ex
1132 1524 1306 1586 seditioni-

102 1625 173 1700 bus,
195 1621 319 1684 bellicis
344 1621 622 1700 occupationibus,
645 1620 697 1683 vel
724 1623 820 1684 totius
842 1621 1027 1701 reipublicae
1051 1623 1304 1701 perturbatione.

144 1727 174 1805 §-
189 1722 239 1788 12.
284 1723 384 1784 Aucta
407 1723 546 1803 gentium
574 1721 762 1798 eruditione,
787 1727 819 1783 ct
842 1721 1039 1805 singulorum
1062 1725 1173 1785 animis
1200 1727 1304 1807 magis

107 1823 253 1898 excultis,
279 1823 455 1902 artiumque
475 1842 511 1884 ac
532 1822 766 1902 disciplinarum
786 1822 856 1884 luce
880 1821 1062 1898 illustratis,
1095 1842 1156 1885 non
1180 1823 1304 1885 adver-

105 1930 194 1987 sante
209 1929 243 1985 11
262 1923 343 2005 apud
358 1923 495 1999 Graecos,
516 1923 625 2004 populi
639 1925 779 2006 ingenio,
805 1925 853 1985 ius
873 1923 1041 2001 artificiose
1054 1923 1178 1986 colitur.
1204 1924 1305 1987 Exis-

105 2030 193 2102 tunt,
225 2024 332 2104 quiin
358 2024 590 2106 cognoscendis
615 2029 646 2085 et
669 2023 852 2086 excolendis
872 2023 998 2106 legibus
1022 2044 1147 2105 operam
1172 2032 1304 2105 ponant,

19 2174 21 2178 ,
103 2132 135 2189 et
159 2143 239 2187 nova
262 2126 309 2186 sic
332 2129 425 2204 atque
445 2124 628 2186 sublimiora
650 2125 712 2185 iuri
735 2123 887 2185 elementa
914 2124 1070 2186 adiiciant.
1122 2124 1197 2187 Cum
1219 2129 1304 2190 enim

104 2227 289 2309 diligentius
310 2226 470 2305 inquirant
490 2228 521 2286 in
544 2242 649 2286 rerum
672 2229 812 2287 naturam
836 2230 869 2286 et
886 2226 1062 2286 accuratius
1078 2226 1208 2288 delinire
1231 2232 1305 2289 stu-

103 2329 208 2402 deant,
231 2328 356 2406 quinam
379 2329 515 2406 supremi
538 2328 601 2386 sint
622 2323 699 2387 fines
721 2327 820 2387 omnis
833 2328 1061 2388 coniunctionis
1079 2333 1172 2408 atque
1193 2333 1305 2391 socie-

102 2430 172 2492 tatis
199 2428 362 2500 bumanae,
391 2423 553 2508 generalia
590 2425 728 2503 quaedam
758 2426 848 2505 quasi
880 2426 958 2488 iuris
991 2428 1143 2507 principia
1172 2436 1302 2506 eruunt,

103 2529 211 2612 legum
233 2544 269 2589 11
291 2543 411 2589 morum
429 2526 660 2606 comparatione
681 2525 762 2588 facta
786 2527 818 2587 in
834 2528 910 2589 artis
931 2528 1072 2590 ordinem
1087 2535 1197 2590 cuneta
1220 2531 1302 2591 iuris

101 2633 257 2712 precepta
281 2625 448 2708 redigunt,
473 2631 504 2688 et
526 2627 580 2703 ita,
607 2626 691 2706 quod
723 2628 901 2707 dispersum
932 2635 1022 2707 antea
1051 2647 1087 2691 11
1115 2629 1301 2707 dissipatum

101 2726 317 2812 singularibus
341 2726 491 2789 institutis
509 2746 544 2789 11
571 2729 852 2791 consuetudinibus
869 2731 1126 2809 comprehensum
1148 2733 1196 2791 ius
1219 2737 1301 2807 erat,

102 2831 134 2893 id
157 2827 324 2908 disciplina
348 2827 546 2904 conclusum,
579 2830 611 2890 in
635 2829 910 2909 iurisprudentiam
934 2849 1120 2894 conversum
1155 2836 1186 2892 et
1216 2850 1301 2894 noua

101 2931 191 3012 quasi
214 2929 311 2992 forma
332 2927 493 3005 indutum,
528 2929 689 3005 techniee,
725 2936 760 2991 ut
780 2931 820 2990 ita
841 2931 996 3012 dicamus,
1021 2933 1158 2994 existere
1178 2933 1300 3012 incipit.

101 3031 163 3094 lam
185 3031 235 3092 ius
257 3029 313 3092 tali
345 3028 436 3091 modo
460 3031 755 3093 iurisconsultorum
779 3049 837 3111 ope
860 3033 1033 3112 perlectum
1068 3051 1187 3095 omnem
1211 3050 1301 3094 suam

101 3131 310 3214 praestantiam
332 3132 391 3192 arti
414 3147 522 3192 eorum
545 3149 581 3192 ac
604 3130 755 3194 doctrinae
777 3131 914 3206 debebit,
941 3134 1040 3194 omnis
1060 3135 1127 3194 cius
1145 3132 1299 3211 aptitudo,

99 3231 226 3293 firmitas
255 3249 292 3291 ac
314 3217 438 3291 cultura
465 3231 544 3291 iuris
569 3229 734 3310 prudentia
758 3229 947 3292 florescente
970 3232 1103 3307 nitetur,
1137 3233 1300 3293 iuriscon-

99 3332 176 3396 sulti
199 3330 325 3392 iustitiae
348 3330 504 3391 antistites
530 3329 645 3409 populo
668 3335 777 3406 erunt,
804 3329 1038 3409 respondendo,
1060 3330 1233 3407 suadendo,
1258 3331 1300 3393 de

99 3435 170 3495 1111
193 3429 372 3506 scribendo,
395 3431 597 3512 magistratus
621 3430 773 3512 gerendo.

145 3536 175 3616 ξ.
189 3532 239 3597 18.
286 3531 433 3604 Quamvis
463 3537 565 3593 autem
595 3532 626 3592 in
659 3537 718 3593 tam
743 3531 881 3612 expolito
903 3531 980 3592 iuris
1003 3536 1085 3593 statu
1110 3549 1167 3592 nec
1190 3529 1299 3591 multis

102 3633 227 3717 legibus
251 3650 310 3694 nec
333 3633 411 3694 iuris
435 3632 621 3711 corporibus
646 3633 683 3694 ab
713 3631 939 3713 imperantibus
971 3631 1120 3711 perlectis
1154 3647 1233 3710 opus
1257 3631 1301 3691 sit

101 3734 140 3798 ad
163 3736 213 3796 ius
236 3733 319 3794 bene
349 3732 543 3795 reddendum
566 3733 877 3813 conservandamque
910 3735 942 3792 in
974 3733 1101 3792 civitate
1128 3732 1298 3792 iustitiam:

101 3838 204 3896 tanuen
229 3848 425 3914 summopere
449 3833 556 3915 populi
579 3833 703 3896 utilitati
726 3825 903 3896 consulitur
924 3833 1076 3894 eiusmodi
1100 3834 1195 3895 totius
1218 3833 1299 3892 iuris

14 3970 16 3975 s
98 3937 131 3998 in
154 3931 318 3996 Codicibua
342 3934 516 3997 secundum
547 3936 622 3996 artis
646 3934 777 4016 regulas
803 3939 834 3996 et
863 3933 997 4016 singulis
1030 3933 1098 3994 eius
1120 3932 1300 4012 praeceptis

102 4033 262 4097 subtiliter
285 4033 437 4110 delinitis,
462 4036 551 4114 quasi
572 4036 602 4095 in
625 4034 772 4096 breviora
798 4033 980 4114 compendia
1004 4034 1128 4115 digesta
1143 4027 1301 4111 ‘compre-

101 4135 265 4199 hensione.
317 4134 382 4198 lloc
406 4135 473 4197 11111
496 4153 579 4215 saepe
592 4136 764 4197 necessitas
789 4141 847 4210 est,
871 4135 970 4195 veluti
993 4151 1062 4195 cum
1076 4132 1182 4216 legum
1207 4133 1299 4213 copia

102 4235 215 4299 indies
231 4241 395 4299 crescente
410 4241 442 4297 et
462 4237 599 4297 extincto
615 4236 753 4298 scientiae
769 4235 885 4296 lumine
907 4232 1202 4300 iurisconsultorum
1221 4249 1300 4293 eru-

99 4334 233 4399 ditorum
262 4337 367 4415 inopia
390 4336 448 4412 sit,
478 4341 532 4397 aut
559 4353 629 4397 cum
657 4338 725 4398 1111
756 4335 905 4398 violentis
935 4333 1117 4414 reipublicae
1148 4334 1299 4394 mutatio-

102 4436 194 4500 nibus
224 4437 407 4518 perturbata
437 4437 502 4498 sint
530 4435 741 4514 restituenda,
776 4440 830 4499 aut
858 4436 1097 4516 cumpluribus
1119 4432 1301 4495 civitatibus
