2804 4966
491 314 572 354 urrrn
592 317 622 357 ιι.
643 317 711 354 rurs
731 318 760 356 ιι.
782 316 839 359 aar.
851 319 893 356 ιιι.
1121 298 1124 304 ’
1244 307 1297 363 173

127 452 174 508 aut
192 443 343 507 inofficiosa
365 449 419 505 aut
439 450 568 526 propter
592 447 854 510 exheredationes
870 447 922 509 vel
937 449 1167 528 praeteritiones
1187 448 1291 512 inius-

127 552 179 621 tas,
194 545 295 607 inutilia
319 543 462 607 habenda
487 548 646 634 essent1).

165 649 188 729 ξ.
199 646 255 710 611.
296 644 368 708 uec
391 645 517 726 quidem
542 646 624 709 dieta
647 652 720 708 sunt
742 647 781 708 de
803 647 859 723 iis,
895 648 948 727 qui
979 653 1015 708 ut
1036 648 1152 732 ingrati
1179 651 1297 713 iniuste

129 745 328 808 exheredantur
349 743 401 806 vel
427 744 629 820 omittuntur3
660 750 733 807 sunt
757 751 859 809 autem
885 748 1011 826 quidam
1035 767 1143 827 casus,
1168 752 1198 812 in
1222 754 1297 832 qui-

130 846 179 908 bus
194 850 360 909 testamenta
382 846 421 908 ab
435 846 660 909 exhereditatis
677 846 727 909 vel
743 849 911 928 praeteritis
927 850 1108 932 *impugnari
1130 870 1193 913 non
1217 870 1295 932 pos-

128 947 229 1035 sunt²):
250 947 372 1011 seilicet
393 948 420 1008 si
432 965 494 1010 uon
508 953 591 1010 notre
615 965 707 1010 causa
724 965 782 1011 nea
795 954 830 1009 ut
848 951 887 1010 iis
900 949 1015 1026 obsint,
1040 958 1189 1031 parentes
1213 954 1296 1016 llbe-

127 1064 170 1109 ros
193 1047 370 1110 exheredant
392 1047 445 1109 rel
468 1052 675 1128 preteream,
706 1049 762 1112 sed
789 1051 880 1112 utils
907 1052 1040 1131 prosint,
1063 1053 1162 1115 veluti
1185 1056 1212 1116 si
1233 1056 1296 1117 im-

127 1144 204 1228 pubes
223 1151 259 1212 sit
280 1149 375 1226 lilius,
397 1168 456 1212 neo
478 1149 556 1211 lldes
580 1153 675 1214 tutori
701 1151 841 1213 habenda
865 1152 917 1227 sit,
940 1159 994 1214 aut
1010 1171 1079 1215 cum
1095 1154 1232 1218 furiosus
1255 1158 1296 1217 sit

128 1246 169 1309 vol
186 1249 335 1333 prodigus,
358 1267 427 1312 oum
450 1251 482 1311 in
507 1251 685 1312 huiusmodi
705 1267 780 1312 oasu
802 1250 977 1331 perieulum
1002 1253 1053 1328 sit,
1077 1271 1117 1315 ne
1141 1253 1222 1315 bona
1244 1253 1296 1316 di-

129 1347 289 1428 lapidentur:
322 1349 440 1413 suflicit
470 1352 551 1412 enim
581 1369 639 1431 per
673 1350 780 1434 legata
813 1351 911 1413 veluti
941 1352 1159 1415 alimentorum
1185 1354 1295 1430 liberis

129 1452 254 1528 prouisum
271 1469 354 1514 esse.
377 1451 514 1515 Vocatur
537 1452 602 1515 haen
626 1451 706 1514 bono
728 1459 830 1513 merito
848 1453 936 1533 facto
957 1452 1182 1516 exheredatio:
1206 1473 1295 1517 eam-

131 1565 174 1627 que
189 1549 368 1615 lastinianus
388 1555 420 1615 in
443 1553 577 1616 Novella
603 1553 682 1614 CXV
705 1556 830 1617 minime
852 1555 1051 1636 improbavit.

129 1758 175 1814 ltu.
189 1764 227 1814 tx.
272 1764 321 1816 Du
339 1759 482 1813 LIBERIS
501 1759 709 1824 ADOPTIVIS,
733 1760 957 1834 Ithuarufflts
981 1759 1184 1822 EORUMQUE
1204 1760 1291 1814 IURE

502 1856 549 1906 ΕΤ
566 1856 616 1906 DE
634 1853 750 1906 VIDUA
769 1854 888 1906 INOPE.

155 1989 247 2069 §.tlt
289 1988 407 2050 Eodem
429 1988 511 2064 iure,
533 2003 596 2066 quo
619 1986 711 2049 liberi
734 1986 867 2068 legitimi
888 1986 1061 2064 naturales,
1085 1992 1177 2055 etiam
1196 1996 1299 2057 adro·-

128 2089 172 2165 gali
195 2090 241 2152 vel
270 2089 365 2171 plene
394 2087 532 2169 adoptati
559 2088 767 2174 habentur⁸)‚
800 2088 930 2150 durante
962 2087 1086 2152 scilieet
1116 2096 1293 2176 agnationis

127 2185 234 2269 rinoulo,
257 2197 376 2254 utnon
399 2189 500 2253 solum
522 2190 663 2271 legitima
685 2190 788 2270 portio
814 2189 853 2250 iis
880 2189 1044 2266 debeatur,
1067 2210 1177 2255 verum
1200 2200 1292 2258 etiam

125 2282 212 2354 bonor:
232 2299 266 2355 ut
288 2292 424 2355 heredes
448 2291 651 2354 instituantur
674 2290 726 2351 vel
742 2288 1060 2353 riteexheredentur.
1106 2292 1190 2357 ldem
1213 2296 1293 2358 iuris

124 2402 175 2451 esse
191 2392 281 2457 debet
300 2395 334 2456 in
356 2394 467 2457 liberis
491 2389 634 2456 alemina
647 2390 814 2472 adoptatis.
838 2390 879 2454 lis
896 2393 949 2471 qui
971 2391 1008 2453 ab
1022 2399 1176 2458 extraneo
1190 2395 1292 2476 adop-

123 2488 162 2550 tati
179 2501 259 2572 sunt,
291 2499 435 2557 neutrum
465 2493 502 2555 ab
527 2493 694 2574 adoptante
717 2491 854 2554 officium
881 2491 1034 2569 debetur,
1065 2511 1104 2555 ex
1128 2493 1292 2559 Iustiniani

121 2595 316 2658 consulatione
340 2594 380 2657 de
403 2578 462 2656 lrao
485 2593 664 2678 adoptione.

149 2694 172 2774 ξ.
184 2695 250 2760 613.
296 2695 453 2776 lmpubori
470 2695 621 2777 adrogato
644 2693 697 2755 rel
721 2697 751 2756 in
773 2697 927 2773 potestate
941 2693 1140 2774 adrogatoris
1153 2699 1292 2758 morien-

119 2787 406 2871 inconstantem}
428 2796 519 2857 etiam
540 2796 609 2857 sine
629 2797 711 2856 iusta
734 2810 826 2855 eausa
851 2795 1061 2873 emancipato,
1084 2801 1194 2873 quarta
1219 2812 1291 2876 pars

118 2890 274 2979 adrogantis
297 2894 450 2958 bonorum
473 2894 618 2972 debetur,
639 2896 714 2975 quin
738 2901 849 2969 tamen,
871 2895 898 2955 si
923 2912 958 2955 ea
971 2893 1082 2957 relicta
1094 2912 1156 2958 uon
1183 2896 1289 2974 luerit,

117 2991 308 3060 testamentum
333 2997 422 3076 quasi
444 2994 651 3058 inofficiosum
677 2993 815 3057 rescindi
832 2994 942 3075 possit.
977 2993 1156 3057 Haeobodie
1178 3001 1291 3075 quarto

78 3124 81 3155 ι
116 3085 163 3154 diui
178 3097 222 3160 l’b‘
242 3096 397 3178 appellari
420 3095 548 3177 solet4).

78 3208 81 3275 ἓ
144 3197 243 3277 ἓ.614.
287 3196 379 3259 Pater
401 3197 572 3279 adrogatur
594 3195 647 3258 vel
670 3194 764 3276 plene
786 3195 956 3276 adoptans,
979 3196 1051 3256 item
1076 3195 1201 3276 lomina,
1221 3214 1292 3276 quae

116 3291 258 3380 arrogavit
280 3297 331 3360 vel
345 3296 517 3377 adoptavit,
540 3298 607 3359 iura
623 3296 808 3358 naturalium
821 3301 983 3375 parentum
999 3294 1124 3371 habent,
1151 3297 1177 3357 si
1190 3296 1291 3377 adop-

78 3444 80 3461 .
115 3388 184 3474 blus,
204 3396 257 3460 vel
282 3396 455 3479 adrogatus
480 3401 614 3458 testatus
636 3397 805 3472 moriatur,
837 3395 921 3476 quod
945 3413 1022 3457 vero
1044 3396 1147 3456 rarius
1172 3397 1289 3477 evenit,

78 3502 80 3559 i
115 3503 165 3557 ltu
184 3496 404 3560 filiusfamilias
427 3497 538 3560 testari
555 3515 617 3559 non
636 3496 746 3577 possit.
769 3496 817 3558 Ab
838 3496 1000 3577 impubere
1025 3492 1179 3577 adrogato
1201 3511 1289 3556 mor·
1321 3552 1323 3558 .

114 3589 305 3681 inlegitima
325 3614 388 3659 non
411 3596 554 3659 debetur.

142 3698 166 3779 §.
176 3698 246 3767 615.
290 3696 397 3760 Liberi
408 3697 508 3781 uulgo
532 3698 653 3777 quaesiti
676 3713 734 3758 seu
748 3695 906 3778 illegitimi
920 3693 1023 3774 quoad
1036 3698 1163 3757 matrem
1178 3692 1289 3756 eodem

113 3788 163 3859 lue
180 3804 365 3877 censentur,
385 3816 448 3881 quo
463 3800 497 3876 ii,
520 3799 574 3878 qui
596 3798 691 3859 iustis·
707 3797 824 3878 nuptiis
845 3796 1002 3876 procreati
1019 3799 1109 3870 sunt3
1131 3796 1215 3858 inter
1230 3814 1290 3876 pa-

111 3958 289 3979 Q,—

129 4066 142 4122 l
172 4068 197 4130 δ.
215 4067 241 4122 6.
259 4069 281 4121 Ῑ.
301 4068 329 4119 lu
349 4072 369 4120 l.
389 4084 411 4120 a.
430 4063 456 4119 4.
474 4067 499 4121 9.
519 4062 561 4118 27.
581 4064 604 4125 ἓ.
624 4064 649 4117 2.
670 4065 698 4117 0.
720 4066 780 4118 aod.

126 4138 143 4193 ι
169 4142 213 4193 ιιι.
234 4139 277 4194 18.
296 4142 331 4191 u.
348 4141 376 4191 u.
394 4136 487 4206 erra,
505 4135 542 4205 a).
561 4154 583 4189 ο.
602 4135 646 4198 an,
664 4137 693 4189 o.
705 4135 731 4200 3,
753 4136 787 4189 aa
804 4134 853 4202 (aa
871 4137 945 4188 inoff.
966 4132 1047 4203 aare).
1065 4135 1149 4189 nro.
1167 4137 1201 4187 n.
1220 4130 1290 4199 37,4

100 4204 139 4277 (da
155 4214 220 4265 bon·
237 4228 308 4278 pons.
328 4229 352 4270 a.
370 4207 409 4276 t).

123 4281 150 4350 3)
169 4283 198 4336 O.
218 4282 262 4337 10.
282 4283 312 4335 (l.
330 4282 357 4346 8,
374 4279 410 4334 48
429 4278 476 4348 (da
494 4275 607 4345 adopt).
626 4277 649 4338 ἓ.
669 4277 694 4332 2.
713 4280 733 4330 1.
753 4277 786 4332 18
806 4277 852 4347 (da
868 4280 942 4332 inoff.
960 4274 1087 4343 tostam).
1107 4274 1162 4337 §.4.
1179 4278 1199 4329 1.
1218 4274 1289 4341 2,13

91 4350 133 4423 (da
151 4354 313 4409 exheredat.
329 4353 459 4419 liberor).
551 4377 560 4401 a

119 4424 149 4493 4)
168 4425 193 4485 ὃ.
212 4422 238 4478 8.
257 4423 376 4491 1.1,11
396 4421 443 4490 (da
462 4416 674 4488 adoptionibus).
693 4439 715 4474 a.
734 4421 759 4474 2.
780 4423 807 4474 C.
828 4420 853 4485 8,
872 4421 908 4474 48
928 4419 1001 4485 (eod.
1019 4417 1079 4485 lit).
1099 4417 1121 4479 ἓ.
1139 4417 1164 4472 ὃ.
1184 4421 1205 4472 1.
1217 4419 1289 4487 2,13

84 4495 133 4563 (aa
152 4493 220 4563 οιι).
307 4515 310 4519 ⁷
