2804 4966
578 246 658 338 amn
670 300 706 343 ιν.
719 300 777 343 uer.
787 301 817 365 rr.
1247 295 1300 351 889

96 430 277 504 dominive,
308 442 400 507 quam
429 424 486 488 filii
508 427 638 511 cervive
660 427 751 490 tidem
776 429 973 516 sequitur1).
1018 430 1091 495 llec
1114 434 1194 496 actio
1218 430 1300 513 quod

95 533 182 593 ivaro
203 532 339 591 vocatur
355 524 397 613 ²).

137 634 168 713 ξ.
183 628 279 693 1188.
323 625 439 689 Eadem
460 626 584 688 ratione
596 624 715 687 Praetor
734 627 927 706 comparavit
950 627 1029 690 duaa
1050 629 1128 691 alias
1148 633 1300 709 actiones,

97 730 320 794 exercitorlam
344 732 375 791 et
394 727 594 789 institoriam.
639 725 725 788 Tunc
747 733 849 788 autern
871 731 1059 792 exercitoria
1077 729 1179 793 locum
1196 733 1300 808 babet,

99 848 168 894 cum
189 836 284 911 pater
298 829 484 892 dominusve
496 827 593 890 lilium
609 844 778 890 servumve
793 831 977 911 magistrum
992 834 1064 894 navi
1078 834 1300 912 praeposuerit,

98 938 129 994 et
154 929 232 1012 quid
256 947 326 993 cum
348 948 386 993 eo
413 931 484 991 eius
506 931 553 991 rei
576 929 696 1011 gratia,
729 930 780 990 cui
810 932 997 1010 prepositus
1027 931 1105 1008 luit,
1136 934 1300 1015 negotium

98 1038 224 1115 qeetum
249 1033 322 1095 erit.
365 1029 442 1092 Cum
465 1032 547 1093 enirn
571 1048 607 1092 ca
629 1046 756 1110 quoque
778 1048 831 1093 res
854 1050 893 1093 ex
923 1031 1087 1095 voluntate
1113 1036 1212 1113 patris
1240 1034 1302 1096 do-

98 1132 216 1194 minive
239 1130 382 1193 contrahi
404 1131 566 1205 videatur,
597 1130 810 1209 equissinum
833 1129 961 1192 Praetori
983 1133 1085 1193 visum
1109 1139 1168 1207 est,
1189 1134 1221 1193 in
1244 1149 1301 1194 so-

99 1231 197 1294 lidum
220 1231 378 1293 actionem
400 1228 479 1306 dari,
504 1231 581 1311 quin
604 1231 714 1307 etiarn,
739 1232 815 1293 licet
838 1236 1022 1295 extraneum
1047 1234 1211 1314 quiequam
1233 1251 1301 1295 nra-

99 1333 236 1414 qiatrnm
259 1331 334 1392 navt
354 1331 583 1411 preposuerit,
617 1330 689 1392 sivo
712 1346 840 1391 servum
864 1332 934 1392 sive
958 1331 1108 1409 liberum,
1139 1339 1241 1396 tarnen
1264 1351 1301 1397 ea

99 1431 249 1495 Praetoria
282 1431 364 1493 actio
396 1434 430 1492 in
463 1447 533 1492 curn
562 1429 715 1492 redditur.
761 1431 836 1494 ldeo
866 1438 969 1496 autem
1002 1436 1189 1498 exercitoria
1220 1437 1302 1497 actio

99 1530 297 1613 appellatur,
328 1532 403 1612 quia
428 1531 585 1593 exercitor
609 1536 741 1594 vocatur
763 1532 808 1609 is,
839 1532 877 1594 ad
901 1551 994 1612 quem
1015 1534 1192 1598 cotidianus
1214 1536 1304 1598 navis

101 1639 243 1714 quaretur
265 1632 414 1712 pervenit
422 1649 431 1706 ;
455 1633 611 1695 institoria
635 1649 713 1695 vero
735 1631 867 1696 lormule
891 1639 955 1695 turn
980 1634 1082 1697 locmn
1105 1637 1210 1713 habet,
1233 1655 1302 1699 curn

101 1735 172 1814 qaia
193 1732 344 1808 taberne,
366 1737 420 1793 aut
445 1732 576 1794 cuilibet
597 1734 806 1815 negotiationi
825 1732 922 1795 lilium
936 1752 1118 1814 servumve,
1140 1737 1193 1800 vel
1210 1739 1302 1799 etiam

103 1834 277 1915 quemlibet
300 1838 496 1909 extraneum,
520 1835 589 1896 sive
614 1850 741 1896 servum
764 1837 833 1896 sive
857 1835 1000 1911 liberum,
1026 1838 1246 1917 preposuerit,
1272 1842 1306 1898 et

103 1934 176 2012 quid
199 1952 270 1995 cum
289 1951 327 1996 eo
349 1935 418 1995 eius
432 1934 480 1995 rei
493 1937 605 2014 gratia,
629 1936 680 1996 cui
692 1936 880 2014 praepositus
895 1940 953 2011 est,
977 1941 1171 1999 contractum
1188 1936 1302 2011 luerit3

102 2033 173 2096 ideo
194 2039 298 2095 autern
321 2034 477 2097 institoria
499 2033 692 2115 appellatur,
723 2038 814 2115 quia,
848 2038 902 2116 qui
933 2036 1071 2099 tabernae
1102 2037 1306 2117 preponitur,

104 2134 233 2195 institor
254 2131 443 2214 appelletur,
466 2150 537 2214 quae
559 2141 589 2196 et
612 2136 679 2215 ipsa
703 2133 835 2197 turmula
857 2136 888 2198 in
913 2135 1048 2200 solidum
1072 2136 1169 2221 esti).

146 2237 176 2316 ξ.
196 2233 291 2298 1189.
335 2233 490 2298 Praeterea
522 2235 686 2297 tribuloria
719 2253 847 2316 quoque
879 2239 962 2299 actio
991 2238 1022 2298 in
1053 2241 1171 2317 patrem
1202 2235 1307 2298 dorni-

105 2351 217 2399 uuuave
248 2335 418 2399 constituta
448 2340 515 2411 est,
548 2353 618 2397 curn
648 2334 731 2396 lilius
766 2353 925 2399 servusve
954 2338 986 2398 in
1018 2335 1173 2418 peculiari
1202 2354 1307 2397 merce

106 2437 224 2499 sciente
247 2441 336 2515 patre
358 2435 525 2499 dominove
547 2438 738 2517 negotiatur.
775 2437 850 2498 Nam
874 2437 998 2517 siquid
1021 2456 1090 2500 curn
1115 2454 1154 2500 eo
1174 2437 1243 2498 eius
1259 2437 1307 2496 rei

108 2553 199 2598 causa
223 2540 416 2599 contractum
439 2537 514 2613 erit,
537 2538 580 2599 ita
604 2535 721 2598 Praetor
749 2538 801 2599 ius
823 2537 916 2613 dicit,
947 2544 1000 2599 ut:
1034 2537 1184 2618 quidquid
1205 2537 1237 2597 in
1259 2537 1307 2597 bis

107 2637 264 2699 mercibus
286 2637 365 2713 erit,
389 2636 538 2718 quodque
560 2636 634 2699 inde
656 2644 817 2717 receptum
841 2640 917 2715 erit,
942 2639 974 2701 id
997 2641 1081 2701 inter
1103 2642 1223 2718 patrem
1246 2636 1307 2699 do-

111 2741 281 2815 minumve,
305 2741 332 2800 si
349 2738 424 2819 quid
439 2740 469 2800 ei
484 2738 660 2814 debebitur,
686 2743 717 2799 et
729 2744 860 2801 caeteros
880 2739 1053 2802 creditores
1075 2757 1132 2820 pro
1149 2745 1215 2801 rata
1231 2752 1310 2817 por-

109 2841 192 2902 tione
214 2839 424 2902 dislribuatur
448 2845 479 2902 et
501 2840 573 2918 quia
596 2840 657 2920 ipsi
678 2840 759 2920 patri
782 2839 950 2903 dominove
965 2840 1217 2903 distributionem
1232 2856 1310 2920 per-

108 2942 210 3016 mittit,
233 2941 263 3002 ai
283 2942 354 3021 quis
377 2959 417 3002 cx
438 2939 649 3003 creditoribus
672 2945 833 3018 queratur,
857 2941 948 3021 quasi
970 2942 1071 3003 minus
1092 2941 1240 3002 tributum
1257 2942 1309 3017 sit,

108 3059 197 3122 quam
223 3042 417 3121 oportuerit,
447 3042 528 3103 banc
551 3041 581 3102 ei
603 3041 757 3103 actionem
779 3042 1009 3120 accommodat,
1044 3059 1114 3122 que
1142 3042 1309 3104 tributoria

107 3140 339 3227 appellarunt).

147 3247 178 3326 5.
193 3242 287 3309 1190.
332 3241 478 3321 Denique
508 3241 687 3304 introducta
717 3247 766 3304 est
789 3243 870 3304 actio
894 3243 933 3305 de
959 3266 1106 3319 recurro,
1133 3242 1236 3321 deque
1261 3259 1311 3316 eo,

107 3367 192 3423 quon
217 3366 248 3407 rr
270 3367 332 3406 reu
355 3366 460 3406 aurare
481 3364 634 3406 oonrnrvr
652 3366 771 3406 venenu
785 3366 862 3419 narr,
889 3348 924 3404 ul
946 3359 1129 3423 quamquam
1155 3343 1224 3403 sine
1247 3359 1309 3403 vo·

107 3446 230 3508 luntate
250 3444 347 3524 patris
373 3442 531 3505 dominive
553 3444 716 3525 negotium
741 3448 864 3526 gestum
888 3443 966 3517 erit,
998 3448 1119 3517 tamen,
1146 3442 1215 3502 sive
1238 3441 1314 3519 quid

107 3548 140 3610 in
161 3563 231 3608 rem
252 3544 322 3607 eius
348 3559 476 3605 versum
507 3541 585 3619 fuit,
614 3543 645 3605 id
677 3547 774 3605 totum
804 3546 956 3621 prestare
979 3538 1109 3616 debeat,
1145 3541 1214 3601 sive
1236 3539 1312 3619 quid

109 3664 174 3711 non
198 3649 253 3717 est
272 3644 307 3705 in
320 3660 386 3705 rem
408 3644 477 3705 eius
497 3660 634 3719 versum,
658 3643 687 3704 id
703 3648 832 3704 eatenus
846 3647 995 3722 praestare
1009 3641 1132 3716 debent,
1156 3646 1311 3721 quatenus

109 3746 275 3830 peculium
296 3746 423 3825 patitur.
469 3742 502 3805 ln
526 3762 592 3806 rem
616 3749 718 3805 autern
753 3745 850 3823 patris
882 3743 1041 3805 dominive
1063 3756 1192 3804 versum
1215 3740 1313 3802 intel-

110 3848 238 3930 ligitur,
262 3844 415 3926 quidquid
438 3846 622 3907 necessario
645 3845 676 3905 in
707 3863 773 3907 rern
798 3846 866 3906 eius
886 3843 1038 3925 impendit
1050 3842 1133 3903 tillus
1146 3857 1313 3916 servosve,

106 3965 309 3980 ---ι

144 4054 175 4121 1)
197 4051 303 4106 0114.
322 4050 345 4111 1.
364 4047 408 4104 70.
444 4052 534 4105 Debet
551 4055 639 4102 autem
659 4051 688 4102 id
708 4052 791 4118 patrie
811 4066 870 4104 eree
888 4054 1025 4118 negotium
1044 4056 1071 4103 ot
1091 4050 1125 4100 ab
1147 4063 1179 4100 eo
1192 4047 1240 4099 vel
1258 4045 1312 4096 filio

106 4128 158 4182 vel
173 4131 305 4178 extraneo
326 4139 388 4176 cum
407 4123 458 4174 hoo
484 4122 651 4176 contrahenti
667 4139 734 4174 mese
757 4125 869 4174 iussum.
901 4125 947 4175 cfr.
966 4142 990 4176 v.
1006 4123 1154 4188 Vanperow
1172 4121 1193 4170 I.
1215 4117 1237 4178 ἓ.
1251 4115 1313 4168 240.

147 4194 182 4264 2)
196 4198 360 4265 Explicatur
377 4195 405 4247 ln
424 4195 462 4246 111
481 4196 507 4249 4.
527 4195 588 4260 Dlg.
606 4194 651 4244 lib.
675 4193 710 4246 lb
731 4192 817 4262 (quod
833 4191 929 4259 iussu).
968 4195 1125 4261 Appellalur
1154 4192 1188 4242 ab
1209 4188 1313 4240 hodier-

108 4273 155 4324 110
172 4272 242 4322 aient
258 4271 366 4337 relique
386 4269 512 4336 deinceps
531 4268 661 4329 dodonec,
681 4265 832 4318 adv'cctv‘te'oe
850 4269 994 4334 quatimur
1017 4265 1095 4316 codo.

147 4339 241 4408 3)οι
261 4336 374 4393 00104.
394 4338 417 4398 1.
435 4337 480 4391 71.
504 4336 637 4397 01118.
666 4338 686 4389 1.
706 4338 732 4389 h.
752 4344 771 4390 1.
796 4337 857 4404 Dig.
876 4335 923 4402 14,
949 4336 964 4389 1
986 4333 1032 4402 (de
1052 4332 1160 4388 exercit.
1184 4326 1256 4399 001).
1278 4331 1312 4382 D.

111 4411 160 4477 14,
178 4411 196 4466 3
216 4409 265 4480 (de
281 4413 363 4464 irretit.
383 4406 456 4475 001).

96 4537 102 4550 ,
149 4480 181 4552 4)
201 4483 263 4536 (vat.
281 4484 320 4535 lb.
340 4479 399 4534 178.
419 4482 442 4542 1.
461 4480 487 4534 u
506 4482 529 4532 1.
547 4481 574 4532 b.
595 4485 614 4531 1.
633 4480 694 4546 Dlg.
716 4475 796 4542 114
816 4476 864 4543 (de
880 4477 939 4528 trib.
959 4473 1030 4542 101).
