2804 4966
529 308 609 346 uranu
620 309 660 349 ur.
680 309 738 347 aar.
750 310 798 350 ν11.
1218 303 1269 357 286
1350 328 1354 340 ·

105 437 156 498 De
180 455 219 499 eo
244 455 335 515 vero,
357 438 441 517 quod
455 437 609 500 deiectum
626 437 800 500 eilusurnve
816 445 875 514 est,
898 438 996 520 dupli,
1018 448 1164 520 quantum
1181 442 1269 504 daur-

56 555 136 599 num
160 540 214 614 sit,
236 545 286 601 est
305 555 417 620 poena:
442 537 481 601 ob
504 538 659 601 hornincrn
683 557 760 602 vero
784 538 916 601 liberum
939 543 1089 620 occisum,
1112 546 1270 624 quinqua-

58 642 153 723 ginta
180 656 368 713 aureorum3
400 640 427 699 si
451 640 558 715 vivet,
588 641 790 719 nocituraque
814 642 842 702 ei
868 658 939 702 esse
962 641 1096 719 dicetur,
1120 651 1269 725 quantum

59 743 101 804 ob
126 760 196 803 eam
216 758 284 801 rem
306 756 428 820 aequunr
452 740 549 802 iudici
571 741 707 816 videtur,
733 743 814 803 actio
840 741 933 803 datur
946 743 983 828 ¹).

103 847 136 924 ξ.
154 841 247 908 1005.
293 841 368 904 Item
391 845 549 905 exercitur
565 845 667 919 navis,
690 861 861 923 cauponoS,
884 850 915 904 et
931 844 1091 906 stabularii
1104 844 1143 906 de
1158 845 1269 910 damno

59 950 117 1006 aut
139 943 240 1021 furto,
265 944 349 1024 quod
372 946 403 1005 in
423 946 496 1006 navi
517 951 570 1006 aut
589 963 729 1025 caupona
751 950 804 1007 aut
825 944 949 1008 stabulo
971 945 1085 1008 lactum
1107 948 1167 1008 erit
1180 949 1271 1026 quasi

64 1063 106 1107 ex
128 1043 286 1107 maleficio
307 1046 409 1106 teneri
430 1045 588 1122 videntur,
611 1047 638 1107 si
662 1047 753 1108 modo
778 1047 914 1126 ipsorum
937 1046 1057 1107 nullum
1080 1052 1129 1108 est
1150 1046 1271 1109 malefi-
1312 1043 1317 1054 '

64 1146 163 1221 cium,
187 1143 245 1206 sed
267 1143 401 1206 alicuius
425 1163 544 1221 corum,
568 1163 700 1227 quorum
723 1165 818 1226 opera
835 1164 947 1208 navcrn
964 1152 1018 1208 aut
1034 1164 1204 1227 cauponam
1219 1153 1271 1210 aut

62 1245 228 1307 stabulum
257 1245 455 1332 exercent2).
498 1246 637 1308 Noxales
660 1264 787 1328 quoque
810 1249 950 1309 actiones
975 1249 1064 1328 quasi
1088 1266 1127 1310 cx
1152 1248 1268 1310 delicto

61 1346 154 1407 nasci
176 1344 326 1406 videntur
349 1346 691 1433 (§§.1206.-1211.).

249 1533 317 1584 TIT.
339 1534 387 1583 Ill.
423 1534 472 1583 DE
492 1533 641 1584 curubis
663 1533 788 1586 CAUSIS
809 1534 1096 1588 OBLIGATIONUM.

106 1669 140 1748 ξ.
155 1664 249 1729 1006.
293 1663 409 1726 Praeter
432 1684 539 1728 ornnes
563 1667 618 1728 has
642 1666 853 1748 obligationes
882 1668 950 1730 aliae
974 1668 1115 1748 quaedam
1144 1667 1273 1727 inveni-

65 1770 178 1842 untur,
204 1762 360 1850 singulari
382 1769 452 1828 iure
473 1769 660 1843 constituta,
683 1767 735 1828 νε]
757 1766 844 1828 civili
867 1768 919 1829 νε]
940 1768 1002 1829 alio
1026 1769 1105 1844 iure,
1130 1785 1199 1847 quae
1213 1784 1274 1828 ne-

66 1887 130 1949 que
157 1886 199 1929 ex
225 1872 386 1930 contractu
408 1884 511 1946 neque
534 1869 623 1947 quasi
647 1886 686 1930 ex
710 1873 884 1945 contractu,
911 1886 1014 1947 neque
1029 1867 1197 1930 exdelioto
1212 1886 1273 1929 ne-

68 1988 131 2050 que
155 1970 249 2049 quasi
272 1987 314 2031 ex
338 1968 453 2031 delicto
467 1970 638 2059 oriuntur:
661 1986 714 2031 eas
739 1970 917 2032 nominasse
939 1969 998 2031 boo
1020 1969 1090 2032 looo
1113 1967 1259 2030 sufficiat.

112 2074 145 2151 ς.
159 2070 253 2134 1001.
299 2071 331 2134 Si
352 2072 453 2133 iactus
476 2072 626 2133 ureroiurn
647 2071 826 2132 irnrninente
847 2071 989 2150 periculo
1012 2073 1043 2132 in
1065 2089 1150 2132 marc
1171 2070 1272 2132 iactus

69 2172 122 2247 sit,
148 2170 225 2253 lege
246 2171 366 2234 Rhodia
388 2173 420 2248 it,
444 2189 577 2251 quorum
600 2190 651 2233 res
665 2171 858 2234 deiectorum
873 2189 979 2233 rerum
993 2172 1122 2233 interitu
1137 2176 1274 2232 εεννεῐε,ἱ

70 2279 156 2351 sunt,
180 2279 330 2335 tenentur
344 2274 382 2336 ad
398 2274 540 2335 damnum
556 2292 613 2354 pro
627 2275 772 2354 portione
787 2274 1041 2334 resarciendum:
1065 2273 1136 2351 quia
1152 2289 1274 2351 aequuur

70 2381 130 2451 est,
154 2375 833 2450 utomniumcontributioneresarciatur,
859 2373 941 2453 quod
964 2391 1022 2453 pro
1044 2374 1187 2436 omnibus
1214 2391 1274 2435 ox-

70 2493 206 2556 pensum
229 2475 328 2560 esti).
371 2514 376 2523 ·

112 2576 191 2639 ltenr
214 2577 253 2639 ad
275 2575 630 2639 damni'restitutioncnr
652 2581 788 2652 tenetur,
811 2593 937 2637 mensor
952 2576 1006 2655 qui
1022 2575 1134 2636 laisum
1149 2574 1274 2637 niodum

71 2679 203 2767 dixit4).

114 2784 144 2864 ξ.
162 2780 257 2844 1008.
302 2776 490 2860 Obligantur
520 2776 826 2856 quaedarn'pcrsonae
849 2795 887 2839 cx
911 2778 1101 2859 cognatione
1130 2775 1182 2837 νε]
1212 2776 1273 2838 alio

10 2888 15 2897 “
75 2881 210 2944 vinculo
235 2879 274 2942 ad
298 2878 441 2940 alimenta
467 2877 650 2957 quibusdam
673 2880 816 2959 cognatis
841 2876 1014 2957 praestanda
1032 2877 1131 2939 veluti
1146 2868 1275 2959 coniugi

75 2984 207 3057 coniux,
229 2996 345 3062 parens
366 2978 488 3054 liberis,
510 2983 541 3039 ct
558 2977 655 3039 ¹libori
678 2978 871 3058 parentibus.
916 2977 1046 3058 Propria
1062 2995 1188 3058 quoque
1206 2978 1275 3039 iure

75 3083 212 3165 obligati
235 3081 395 3156 videntur,
421 3081 474 3160 qui
498 3078 534 3140 ad
562 3077 771 3140 tsxhibcndum
793 3080 867 3140 itcur
890 3077 942 3140 vel
956 3080 1143 3140 exercitoria
1158 3079 1276 3140 autin-

73 3182 199 3245 stitoria
223 3181 348 3243 actione
370 3185 535 3267 tenentum
567 3178 705 3259 denique
726 3185 834 3259 pater,
869 3180 922 3259 qui
952 3198 991 3240 ex
1014 3179 1120 3241 debito
1143 3179 1199 3240 lilii
1222 3178 1275 3239 νε]

73 3284 113 3346 de
136 3281 277 3363 peculio,
301 3281 353 3342 vel
377 3299 418 3342 ex
440 3282 531 3342 iussu
554 3280 605 3342 vel
628 3280 668 3342 dc
690 3282 721 3341 in
742 3299 808 3342 rern
831 3297 927 3342 verso
948 3285 1083 3341 tenetur.
1117 3279 1165 3341 Dc
1178 3279 1275 3341 variis

72 3383 162 3445 bisce
175 3381 424 3464 obligationibus
446 3383 479 3443 in
492 3387 602 3461 quarto
615 3381 696 3443 libro
709 3381 911 3462 dispiciamus
937 3377 1273 3467 (§§.1183.-1192.).

110 3597 140 3664 1)
158 3597 183 3658 ἐ.
203 3596 228 3648 1.
246 3596 268 3646 1.
288 3597 315 3647 h.
336 3602 353 3648 1.
374 3593 405 3646 D.
429 3597 455 3661 9,
474 3593 491 3648 3
517 3593 564 3661 (de
582 3596 624 3647 his
646 3596 691 3664 qui
710 3596 853 3649 effuderint
870 3597 913 3648 vol
935 3591 1097 3659 deiecerint).
1135 3595 1273 3646 Conamen·

74 3670 201 3722 tariiib.
220 3666 399 3735 1143011.

110 3739 141 3805 2)
161 3740 187 3800 ἓ.
205 3738 232 3792 3.
251 3740 272 3791 Ι.
291 3740 318 3791 h.
337 3744 356 3790 1.
403 3740 437 3806 ig.
456 3737 483 3801 4,
504 3738 521 3791 9
541 3735 649 3803 (nauta,
668 3736 826 3806 caupones).

109 3811 139 3874 3)
159 3809 220 3879 Dig.
241 3810 286 3876 14,
304 3810 321 3862 2
340 3809 388 3876 (de
407 3812 465 3877 lege
484 3807 612 3874 Rhodia).

108 3881 140 3950 4)
160 3880 221 3950 Dig.
239 3880 320 3948 ·11‚6
342 3879 376 3948 (si
394 3897 499 3934 mensor
516 3880 615 3947 fabum
635 3879 763 3945 modum).

579 4129 774 4140 ——-.
