2804 4966
147 299 200 354 824
469 303 671 343 tttsrtrurtortss
692 303 765 341 111811
785 300 888 343 Romi!
907 301 1029 345 PRIVATI.

150 457 209 520 per
231 431 542 500 Senatusconsultum
571 431 817 518 (luventienum)
841 431 899 494 sub
923 430 1080 495 Hadriano
1106 431 1221 496 iactum
1250 434 1294 521 (u.
1318 454 1350 497 u.

147 557 174 600 c.
198 534 284 622 882.)
319 538 451 597 statute:
486 534 576 594 cuius
597 532 727 594 sormam
758 533 790 592 in
817 531 982 594 Pandectis
1012 532 1140 595 relatam
1170 535 1350 600 invenimus

147 639 192 723 (in
213 637 283 699 loco
307 633 431 715 Ulpiani
454 633 492 694 fr.
515 632 565 697 20.
588 635 618 715 5.
642 631 672 696 6.
695 631 732 693 D.
754 632 784 693 h.
808 634 846 717 t.)
873 635 900 718 ).
987 684 988 687 ,

186 737 288 799 Debet
308 754 347 798 cx
367 734 427 796 hoc
450 733 530 797 scio
551 732 640 797 molae
662 733 735 795 fidei
757 750 927 813 possessor
956 752 1064 797 omnes
1094 736 1226 814 tructus,
1256 740 1350 803 etium

146 844 347 918 consumptos
372 841 403 897 et
425 834 516 915 culpo
541 850 596 895 suu
617 851 680 896 non
692 839 872 913 perceptos,
895 836 1158 916 restituere-nec
1182 856 1350 902 nonomuc

145 939 268 1002 lucrum
293 936 376 1018 quod
399 955 439 998 ex
462 935 639 998 hereditate
664 935 809 1015 percepit
820 933 859 1021 ²).
893 934 987 998 Bonae
999 935 1070 999 fidei
1087 955 1256 1018 possessor
1271 957 1349 1003 vero

146 1057 202 1103 eos
226 1045 343 1101 tontum
366 1038 505 1100 restituit
529 1036 671 1110 fructus,
708 1036 823 1115 quibus
843 1034 1033 1115 locupletior
1054 1037 1155 1099 factus
1179 1044 1244 1116 est,
1278 1041 1350 1103 sive

148 1146 275 1205 exstent
296 1141 366 1201 sive
378 1137 555 1217 consumpti
578 1142 653 1200 sunt
665 1136 704 1223 ⁸).
750 1135 783 1197 ln
807 1154 928 1217 genere
954 1137 1005 1199 hic
1027 1139 1069 1200 itu
1092 1140 1349 1204 condemnandus

147 1248 207 1318 est,
230 1247 264 1301 ut
287 1256 391 1320 neque
414 1239 534 1301 lucrum
555 1255 659 1317 neque
684 1237 826 1299 damnum
851 1238 963 1301 hebeat
987 1257 1026 1300 ex
1046 1236 1234 1318 hereditate,
1256 1259 1348 1322 quum

147 1348 227 1410 bono
258 1342 320 1404 fide
349 1341 534 1415 retinuerat,
565 1338 638 1400 dum
667 1337 756 1400 male
784 1337 856 1400 iidei
879 1357 1047 1419 possessor
1075 1341 1118 1402 ita
1146 1343 1348 1407 condemnari

148 1448 253 1521 debet,
276 1462 315 1505 ne
335 1445 403 1522 ipse
419 1440 540 1503 lucrum
555 1439 677 1515 hebent,
701 1439 795 1502 heres
810 1459 887 1502 vero
912 1440 1055 1503 damnum
1076 1461 1139 1505 non
1161 1445 1347 1532 potietur4).

145 1547 210 1608 Hoc
233 1544 272 1608 de
294 1543 417 1606 ratione
440 1543 532 1604 etiem
555 1542 703 1620 impense
726 1539 807 1603 bonu
825 1540 886 1603 tide
908 1542 940 1602 in
962 1559 1015 1604 res
1037 1542 1348 1606 hereditoriessactoe

148 1650 177 1708 ei
200 1642 404 1708 restituente
427 1647 511 1718 sunt,
535 1642 563 1702 si
587 1640 731 1702 damnum
753 1641 827 1703 inde
853 1641 1018 1705 habiturus
1042 1649 1137 1706 esset.
1169 1642 1347 1707 Molaefidei

145 1745 326 1829 possessori
349 1742 444 1804 nullm
465 1742 526 1803 nisi
550 1741 740 1803 necessarie
763 1743 910 1822 impense
932 1745 1142 1806 restituuntur
1153 1744 1192 1831 ὅ).

186 1850 218 1928 ᾖ.
232 1843 325 1908 1136.
369 1843 499 1923 Species
533 1841 718 1903 hereditatis
748 1842 910 1920 petitionis
939 1849 988 1905 est
1017 1842 1147 1924 querele
1178 1844 1347 1908 inofficiosi

146 1943 376 2030 tesmmenii⁶)‚
401 1945 517 2024 quippe
537 1946 597 2022 que
622 1943 784 2022 experitur
805 1943 844 2019 is,
867 1944 918 2004 cui
938 1944 1077 2027 legitima
1098 1946 1202 2025 portio
1224 1947 1256 2007 in
1277 1951 1348 2008 tes-

144 2053 279 2112 tamento
299 2044 392 2125 piune
413 2043 524 2104 relicte
548 2046 692 2115 nonest,
717 2040 755 2103 od
779 2047 999 2126 testamentum
1017 2045 1279 2122 rescindendum,
1313 2052 1349 2107 ut

146 2147 341 2214 successioni
361 2146 399 2206 ab
421 2145 569 2205 intestato
590 2144 680 2205 iocus
704 2143 864 2223 operiatur
877 2143 913 2230 ⁷).

183 2272 217 2350 ξ.
231 2264 324 2328 1137.
367 2259 545 2323 Novissimo
559 2259 630 2319 iure
645 2275 774 2320 romano
791 2259 921 2338 querele
936 2263 1057 2324 institui
1073 2269 1187 2343 potest,
1212 2265 1240 2325 si
1253 2263 1348 2344 piene

144 2367 189 2431 nil
209 2365 353 2428 relictum
378 2362 420 2422 sit
443 2357 564 2435 heredi,
587 2359 638 2419 cui
662 2357 799 2440 legitime
823 2359 967 2438 debetur,
991 2368 1023 2424 et
1043 2369 1261 2426 testamentum
1285 2364 1348 2428 ulia

141 2470 264 2532 ratione
285 2462 462 2544 impugnari
483 2464 620 2538 nequeat
630 2459 670 2546 ⁸).
715 2448 893 2521 Secundum
917 2479 966 2538 ea,
981 2463 1058 2542 ¹quae
1077 2480 1172 2545 supro
1193 2467 1349 2546 exposui-

143 2584 223 2644 mus,
248 2567 275 2628 si
299 2565 412 2626 vicerit
433 2568 531 2638 actor,
554 2569 652 2626 totum
669 2567 886 2625 testamentum
901 2565 1055 2626 evertitur
1066 2564 1105 2650 9),
1126 2565 1349 2628 nonobstante

140 2667 273 2744 Novello
295 2663 404 2741 CXV„
434 2681 495 2744 quo
519 2663 619 2746 vulgo
640 2663 703 2724 vim
727 2668 759 2723 et
783 2661 928 2733 effectum
949 2663 1043 2726 huius
1073 2667 1205 2747 aetionis
1229 2672 1348 2729 mutatu

143 2788 215 2834 esse
240 2767 359 2830 dicunt.
402 2756 567 2846 Aquinus
589 2783 686 2840 vero,
719 2780 782 2843 quo
812 2762 1005 2840 ordine‚.et
1029 2771 1137 2828 contro
1168 2782 1249 2845 quos
1279 2768 1349 2828 heo

142 2870 225 2933 ectio
245 2870 412 2948 competet,
436 2883 476 2927 ex
498 2864 717 2946 superioribus
739 2869 837 2944 petet.
866 2889 867 2892 ¹

160 2992 161 2996 ’
185 2988 216 3068 ξ.
231 2982 323 3048 1138.
366 2981 433 3045 Hoc
453 2988 556 3044 autem
578 2982 743 3066 singulare
765 2982 864 3043 estin
886 2983 1017 3062 querele
1045 2981 1214 3045 inofficiosi
1244 2990 1349 3048 teste-

142 3085 249 3160 menti‚
275 3083 359 3163 quod
381 3100 444 3145 non
466 3083 527 3144 nisi
539 3083 621 3146 intro
644 3083 893 3162 quinquennium
918 3082 1040 3144 institui
1062 3087 1167 3163 potest
1178 3082 1230 3168 ¹⁰),
1261 3098 1349 3145 nun-

144 3202 235 3266 quam
258 3169 335 3246 vero
358 3184 396 3245 eb
420 3201 476 3257 eo,
510 3187 562 3263 qui
585 3183 722 3266 legatum
746 3182 799 3245 vel
821 3175 1094 3246 fideicommissum
1117 3201 1158 3246 ex
1184 3202 1223 3247 eo
1245 3191 1349 3249 testo-

142 3293 247 3350 mento
275 3285 489 3367 susceptu),
517 3284 600 3364 quod
635 3302 694 3346 nec
716 3284 755 3347 od
779 3283 868 3369 (licet
886 3284 933 3370 in)
957 3284 1092 3346 heredes
1117 3287 1252 3363 transit,
1283 3289 1347 3349 nisi

139 3393 343 3469 posteaquem
358 3391 439 3448 moto
450 3385 510 3447 iuit
525 3385 577 3472 1²).
603 3385 747 3466 Denique
760 3387 828 3449 fieri
841 3393 956 3469 potest,
967 3394 1002 3450 ut
1014 3394 1102 3451 ector
1114 3394 1224 3453 contre
1246 3406 1346 3452 uuum

142 3486 292 3552 heredem
316 3488 448 3549 vincens
470 3486 508 3548 eb
529 3485 631 3550 altero
654 3489 816 3564 vincetur,
839 3504 902 3568 quo
924 3487 1006 3551 fecto
1029 3506 1087 3568 pro
1112 3493 1201 3569 parte
1222 3494 1345 3552 tentum

141 3627 340 3642 μ-

225 3705 277 3756 Cir.
298 3721 322 3756 v.
349 3701 495 3768 Vunperow
514 3700 538 3760 §-
556 3699 616 3757 506.
1205 3702 1212 3711 ’

221 3776 265 3825 Fr.
285 3774 327 3826 25.
347 3772 370 3832 §-
388 3771 414 3824 4.
434 3776 464 3824 ir.
484 3771 528 3826 40.
548 3772 616 3839 §.L
636 3773 669 3824 D.
689 3773 750 3825 eod.
768 3770 793 3832 ἓ.
813 3772 838 3825 2.
856 3775 877 3824 Ῑ.
895 3772 923 3838 4,
941 3770 1128 3838 1701001110.
1146 3770 1224 3839 iuti).

222 3847 265 3896 ur.
286 3844 329 3897 22.
348 3842 390 3896 20.
413 3843 435 3904 ς.
455 3845 480 3897 1.
499 3846 530 3896 fr.
549 3842 592 3897 36.
613 3843 637 3904 s.
649 3843 677 3896 4.
697 3847 730 3895 u.
750 3846 777 3895 u.
796 3851 814 3896 t.
1128 3900 1132 3909 ,

173 3917 192 3970 4
224 3917 268 3967 Ex
286 3916 355 3968 Sero
374 3916 404 3966 in
422 3918 439 3966 1.
458 3917 490 3967 ir.
509 3913 557 3967 20.
571 3915 597 3974 §.'
613 3915 637 3967 6.
657 3918 690 3976 D.
709 3917 734 3966 h·
754 3922 772 3966 1.
791 3917 888 3979 relato,
907 3919 981 3968 otrsr.
1001 3914 1043 3967 22.
1063 3913 1106 3968 25.
1126 3915 1150 3975 §-
1170 3915 1214 3969 11.
1233 3915 1299 3968 eod.

174 3985 202 4052 5)
222 3988 267 4039 Fr.
287 3985 329 4038 38.
350 3984 393 4040 39.
416 3984 444 4034 Ι).
467 3987 493 4036 h.
513 3991 531 4037 1.
574 3985 643 4037 Sunt
670 3987 822 4040 subtiliores
846 3987 1004 4040 hereditatis
1031 3984 1236 4054 restitutionem¹
1250 4002 1268 4037 a
1294 4001 1343 4038 reo

59 4082 63 4090 ¹
139 4059 453 4181 f⁸⁰i⁶nd⁸m5⁵pfp3⁰⁰t⁸nt⁰⁸
473 4058 630 4126 questiones
641 4059 858 4128 quamplurimo,
879 4059 913 4111 de
932 4061 1029 4128 quibus
1040 4058 1220 4112 conterendus
1237 4057 1343 4111 22702-

156 4149 225 4184 ercro
247 4129 271 4189 §-
344 4165 351 4179 .
611 4153 614 4158 ·

137 4151 155 4198 9
172 4202 201 4267 6)
222 4203 282 4267 Dig.
292 4196 318 4263 5,
325 4199 350 4252 2.
370 4195 925 4266 000828((101001110100010010010010).
944 4219 967 4255 o.
981 4200 1129 4268 Vunperow
1139 4197 1178 4260 81.
1185 4196 1340 4253 478-181.

171 4269 201 4337 7)
220 4273 262 4323 Fr.
282 4269 307 4322 6.
326 4270 349 4330 ἓ.
370 4270 395 4322 1.
416 4271 446 4321 fr.
466 4268 491 4320 8.
510 4267 533 4328 §-
550 4265 576 4320 8.
593 4274 625 4321 fr.
644 4270 687 4324 15.
706 4272 728 4332 1.
750 4273 824 4326 21).
845 4274 872 4324 h.
893 4278 912 4324 t.

173 4338 201 4406 8)
221 4346 245 4406 §-
264 4339 289 4393 2.
308 4343 330 4393 1.
350 4339 376 4406 2,
396 4339 430 4394 18
448 4340 495 4407 (de
512 4340 585 4393 inoff.
603 4341 683 4408 test).
755 4341 783 4409 9)
802 4345 845 4395 ur.
865 4340 891 4394 8.
909 4341 995 4404 0.,16.
1012 4346 1044 4396 ir·
1066 4339 1107 4395 18.
1127 4336 1171 4396 28.
1191 4341 1226 4392 D.
1245 4340 1274 4392 h.
1292 4345 1313 4404 1.

156 4407 202 4475 10)
222 4413 263 4463 Fr.
283 4408 309 4463 8.
328 4413 351 4472 1.
373 4413 418 4464 uit.
436 4415 468 4464 ir.
490 4411 515 4464 9.
536 4413 569 4462 D.
587 4412 613 4462 h.
632 4418 651 4464 t.
669 4416 700 4465 fr.
720 4412 762 4468 34.
780 4417 809 4467 iu
827 4417 845 4466 1.
866 4415 933 4467 sou.
952 4414 1014 4468 eod.

154 4477 201 4547 11)
219 4481 263 4534 Pr.
283 4480 325 4534 10.
345 4481 369 4543 ἓ.
389 4483 413 4534 1.
432 4499 471 4550 pr.
490 4482 524 4533 D.
545 4482 607 4535 eod.
627 4499 650 4535 0.
668 4480 712 4537 85.
732 4483 755 4546 i.
774 4485 799 4539 2.
820 4485 850 4538 0.
868 4484 931 4538 eod.
1004 4482 1051 4553 12)
1071 4485 1100 4538 (t.
1120 4481 1164 4538 34.
1186 4483 1216 4536 0.
1238 4479 1303 4534 eod.
