2804 4966
95 293 148 349 156
424 275 629 340 naarirurrorra
648 295 723 336 ruam
742 293 846 335 noram
864 295 983 338 aarum.

97 449 157 494 nec
179 431 211 492 vi
233 429 348 492 retenti
362 427 388 514 1)
426 432 459 488 et
486 443 595 491 omnes
625 424 717 490 simul
749 431 924 506 praesentes
954 425 1097 489 adhiberi
1129 425 1253 488 debent
1274 427 1306 488 in

98 534 285 595 testamento
309 527 532 614 ordinandol).

139 631 254 715 §.sae
298 629 367 692 Non
390 635 492 690 tamen
519 642 627 690 omnes
649 631 747 689 testes
770 627 913 690 adhiberi
935 632 1078 709 possunt,
1101 626 1159 689 sed
1183 627 1206 690 ii
1230 632 1306 689 tan-

99 740 174 809 tum,
201 748 270 793 cum
292 730 406 810 quibus
429 712 702 791 testamentitactio
725 732 784 802 est,
806 729 849 790 ita
867 746 927 790 nec
948 744 1061 791 servus
1076 746 1135 790 nec
1150 730 1307 811 peregri-

99 850 169 909 nus,
194 848 298 910 neque
321 828 445 905 mulier,
467 846 573 908 neque
594 829 648 909 qui
671 825 867 890 intellectum
880 846 943 890 non
956 828 1074 891 habere
1098 829 1306 912 intelligitur,

21 946 25 953 “
100 932 200 994 veluti
222 924 377 1009 impubes,
399 928 550 1004 furiosus,
574 945 634 989 nec
648 928 686 1003 is,
709 927 866 990 cuibonis
879 928 1080 991 interdictum
1104 935 1163 1007 est,
1185 934 1308 1011 quippe

101 1037 155 1114 qui
168 1052 185 1094 a
197 1030 318 1093 furioso
332 1027 450 1090 distare
471 1045 533 1089 non
549 1027 705 1103 videatur,
730 1032 827 1089 testes
843 1027 949 1090 idonei
962 1032 1035 1090 sunt
1043 1046 1052 1102 ;
1074 1047 1181 1110 neque
1191 1046 1306 1110 porro,

101 1152 193 1215 quem
215 1133 309 1214 leges
330 1130 439 1192 iubent
459 1130 636 1210 improbum
658 1130 1037 1211 intestabilemqueesse,
1060 1131 1158 1194 voluti
1181 1131 1222 1192 ob
1237 1130 1308 1193 cri-

101 1253 171 1297 men
191 1233 352 1314 publicum
374 1232 586 1317 danmatusi).
960 1277 977 1290 .

108 1376 110 1380 -
142 1334 258 1418 §.544
304 1331 339 1392 ln
361 1331 493 1393 testibus
519 1322 647 1411 quoque
678 1351 742 1394 non
775 1327 847 1394 ess'e
871 1330 983 1410 (lebet,
1014 1335 1068 1414 qui
1092 1333 1126 1394 in
1147 1336 1312 1413 potestate

101 1436 262 1499 testatoris
287 1439 346 1509 est,
369 1450 429 1494 nec
451 1434 478 1494 is
501 1435 533 1494 in
555 1434 644 1495 ouius
667 1438 822 1514 potestate
843 1438 978 1496 testator
989 1436 1059 1514 ipse
1071 1439 1130 1511 est,
1150 1451 1216 1501 nec
1238 1434 1312 1496 fra-

102 1541 168 1612 ter,
199 1552 269 1596 cum
291 1551 329 1596 eo
352 1533 410 1617 sub
435 1532 575 1595 eiusdem
596 1534 694 1613 patris
717 1538 873 1614 potestate
896 1536 1096 1596 constitutus.
1148 1532 1228 1596 ltem
1249 1552 1314 1596 nec

100 1637 194 1698 heres
217 1635 378 1695 institutus
404 1634 493 1695 testis
516 1633 629 1696 babilis
654 1639 714 1710 est,
745 1651 804 1696 neo
834 1635 861 1696 is
885 1651 976 1714 quem
1010 1635 1042 1694 in
1065 1638 1225 1714 potestate
1249 1634 1314 1695 ha-

102 1737 166 1813 bet,
190 1735 242 1797 vel
264 1735 297 1797 in
320 1735 411 1796 cuius
434 1739 590 1813 potestate
613 1735 682 1814 ipse
704 1740 871 1810 versatur,
894 1734 947 1796 vel
970 1736 1025 1814 qui
1051 1752 1120 1797 cum
1143 1752 1181 1797 eo
1206 1734 1314 1796 eidem

102 1837 252 1918 potestati
274 1835 438 1897 subiectus
460 1840 509 1896 est
524 1836 565 1921 4).
609 1833 787 1916 Legatariis
811 1841 911 1896 tamen
934 1833 987 1896 vel
1010 1833 1313 1897 fideicommissariis

103 1937 313 2000 testimonium
337 1935 524 2017 denegatum
545 1952 608 1997 non
633 1941 700 2010 est,
724 1952 794 1997 cum
816 1953 879 1998 non
901 1936 995 1996 sint
987 1935 1065 1997 ruris
1088 1950 1314 1997 successores.

103 2039 213 2119 Neque
232 2037 440 2119 prohibentur
460 2041 559 2097 testes
581 2052 653 2097 esse
676 2036 803 2118 cognati
823 2034 875 2097 vel
905 2035 1064 2097 testatoris
1098 2033 1152 2096 vel
1180 2032 1316 2096 heredis

104 2139 212 2215 futuri,
236 2154 340 2218 neque
363 2143 472 2200 contra
494 2139 544 2199 ius
565 2141 630 2213 est,
667 2138 694 2198 si
728 2136 791 2199 duo
813 2141 912 2198 testes
936 2136 994 2198 sub
1022 2134 1130 2198 eadem
1152 2140 1316 2215 potestate

103 2245 176 2302 sunt
197 2238 251 2300 vel
273 2237 355 2300 alter
378 2238 436 2299 sub
459 2237 590 2299 alterius
611 2243 766 2318 potestate
789 2237 979 2299 constitutus
1001 2243 1050 2299 est
1061 2237 1099 2319 ⁵).

146 2342 175 2420 5·
189 2337 264 2404 645.
309 2338 448 2401 Testium
473 2334 577 2400 autem
599 2338 665 2399 bec
678 2338 826 2419 qualitas,
848 2344 882 2399 ut
904 2338 1010 2400 idonei
1034 2339 1106 2415 sint,
1132 2335 1317 2398 testamenti

105 2437 241 2499 faciendi
261 2442 379 2499 tantum
398 2443 539 2527 tempore
563 2438 758 2518 requiritur,
790 2455 848 2499 nec
870 2443 1089 2500 testamentum
1111 2437 1264 2513 vitiatur,
1288 2437 1318 2499 si

109 2539 162 2600 vel
184 2544 274 2601 antea
294 2539 428 2601 idoneus
452 2541 540 2601 testis
564 2557 627 2602 non
644 2538 746 2601 luerat
759 2538 811 2600 vol
833 2544 904 2619 post
918 2539 1051 2602 idoneus
1072 2555 1144 2600 esso
1162 2537 1262 2601 desiit
1272 2538 1316 2624 ⁵).

149 2643 179 2720 5.
189 2638 262 2704 546.
306 2637 420 2701 Omnes
433 2645 536 2701 autem
551 2645 648 2702 testes
662 2645 786 2721 oportet
798 2641 829 2701 in
844 2644 1015 2719 conspectu
1026 2639 1186 2701 testatoris
1209 2637 1316 2701 officio

106 2738 441 2828 sungil),·totumque
464 2745 683 2802 testamentum
705 2757 768 2802 uno
791 2746 940 2802 contextu
962 2738 1071 2820 perfici
1094 2739 1209 2816 debet,
1228 2740 1263 2802 b.
1285 2756 1314 2800 e.

106 2840 213 2915 nullus
235 2842 323 2902 actus
346 2838 467 2901 alienus
484 2846 668 2904 testamento
692 2842 963 2918 intermisceatur,
985 2840 1127 2921 alioquin
1150 2839 1234 2902 illud
1259 2841 1315 2902 vi-

109 2940 254 3027 tiatur8).

151 3045 180 3122 5·
192 3041 264 3108 547.
308 3042 537 3106 Testamentum
554 3049 656 3106 autem
677 3049 782 3124 potest
795 3044 921 3124 scriptis
943 3041 1047 3119 condi,
1061 3040 1113 3104 vel
1125 3041 1196 3104 sine
1209 3042 1317 3123 scrip-

109 3145 168 3206 tis:
199 3143 294 3205 scribi
318 3149 421 3206 autem
456 3151 640 3207 testamenta
663 3151 797 3225 possunt
817 3145 849 3206 in
872 3143 1005 3221 tabulis,
1027 3143 1061 3204 in
1084 3142 1191 3212 charta
1215 3160 1318 3206 mem-

110 3246 249 3308 branave
273 3246 325 3308 vel
356 3247 388 3308 in
412 3246 472 3308 alia
493 3247 633 3308 materia.
684 3246 746 3309 Sed
776 3245 977 3308 scribendum
1003 3250 1052 3306 est
1072 3245 1318 3306 instrumentum

112 3347 209 3408 cortis
230 3344 483 3427 vulgaribusque
506 3343 641 3422 litteris,
674 3344 753 3406 nihil
785 3351 889 3408 autem
912 3346 1063 3421 interest,
1097 3360 1160 3424 qua
1188 3342 1312 3427 lingua.

114 3446 197 3512 Solis
220 3446 395 3508 litterarum
416 3446 499 3508 notis
521 3445 574 3507 vel
595 3447 696 3528 signis
721 3451 940 3507 testamentum
965 3444 1062 3506 scribi
1083 3461 1147 3506 non
1170 3442 1316 3528 (166619).

154 3552 183 3629 5.
196 3546 268 3614 648.
312 3547 456 3607 Testatur
477 3546 546 3625 ipso
568 3550 786 3608 testamentum
808 3545 951 3607 scribere
972 3550 1077 3625 potest
1105 3548 1136 3605 et
1160 3543 1319 3608 eiusmodi

112 3652 330 3709 testamentum
346 3644 601 3727 holographum,
630 3647 663 3707 in
684 3661 746 3725 quo
767 3649 900 3707 testator
925 3662 997 3706 sese
1018 3645 1121 3726 ipsum
1142 3660 1199 3705 sua
1224 3662 1318 3707 manu

112 3748 281 3828 scripsisse
301 3744 380 3807 illud
404 3745 535 3822 notavit,
558 3745 644 3807 valet
664 3745 756 3809 etiam
771 3744 890 3832 absque
903 3745 1036 3808 nominis
1055 3745 1124 3807 cius
1146 3742 1318 3826 subscrip-

122 3887 320 3897 ,...-.-

151 3988 178 4055 1)
198 3991 242 4041 Fr
264 3986 307 4040 20
329 3985 353 4046 5
375 3984 416 4037 10.
434 3987 469 4037 D.
488 3986 550 4038 eod.

148 4060 218 4130 )25.
238 4059 263 4112 3.
281 4062 301 4111 Ι.
322 4060 364 4110 cit.
382 4060 414 4109 fr.
434 4057 477 4110 20.
498 4057 522 4118 5.
541 4054 566 4109 8.
584 4059 618 4110 D.
639 4057 700 4109 eod
717 4059 750 4110 fr.
769 4056 820 4110 8.
812 4073 840 4110 m
858 4057 931 4109 med.
950 4057 979 4110 0.
998 4054 1024 4120 6,
1042 4054 1077 4109 22
1102 4050 1160 4123 (qut
1175 4059 1320 4109 testamen·

111 4135 168 4185 tum
185 4139 277 4207 facore
295 4126 429 4198 possunt).

147 4187 776 4286 3)§.6..1h..tfr20...§4—7D..ood
892 4195 1219 4266 4)§.8.9.10.1.ib.

149 4273 454 4344 5)511100drr
476 4269 518 4326 22
534 4271 680 4338 p..rDib.

149 4340 932 4414 etsttabfratttuabotout
1020 4336 1278 4407 7)0.9...000u

149 4413 716 4487 8)Fr........2l53Decdc9c.21.
738 4410 972 4478 rp.5..2028.
990 4410 1142 4480 p..rGib.

150 4489 221 4559 9)6
198 4429 869 4571 §.....121urfrtoswouoodpnsto
854 4430 1302 4550 5..2D.37,1(dob...poaa)
