2804 4966
153 303 205 358 236
476 308 677 349 unrrrrurrorm
698 308 771 347 runis
789 307 893 347 nourr
910 305 1032 345 ruivnrr.

154 445 252 527 partis
283 442 441 506 restitutio
469 443 498 504 ei
527 440 730 526 debeatur1).
775 439 916 520 Ideoque
941 441 969 502 si
992 439 1056 502 duo
1079 441 1127 503 rei
1150 439 1357 522 promittendi

154 546 233 609 socii
246 563 309 607 non
323 545 395 620 sint,
419 560 483 606 non
497 542 642 623 proderit
654 541 757 618 alteri,
783 541 866 621 quod
880 541 1048 622 stipulator
1060 541 1154 604 alteri
1178 559 1239 604 reo
1260 556 1359 621 pecu-

152 648 232 709 niam
255 646 349 708 debet
360 646 399 734 ²).
444 644 625 706 Conventus
644 649 746 704 tamen
768 641 959 705 acreditore
982 658 1069 720 reus,
1094 647 1266 722 antequam
1287 639 1354 703 sol-

156 752 224 825 vat,
257 749 387 829 exigere
411 750 514 825 potest
536 750 570 804 ut
590 746 730 806 actiones
757 742 913 805 adversus
937 748 1069 804 caeteros
1094 743 1124 804 ei
1148 741 1352 828 cedentum).

195 847 341 927 Denique
365 838 704 930 contiueiussoribu's4)
735 842 871 923 aliisque
893 848 999 904 mutua
1028 843 1100 904 vioe
1122 844 1207 904 inter
1231 859 1267 904 se
1298 842 1353 904 ob-

154 948 261 1031 ligatis
290 947 355 1009 reis
385 944 520 1007 debendi
532 943 578 1032 ⁵),
609 944 775 1006 divisionis
800 943 986 1006 beneficium
1010 943 1115 1006 datum
1140 948 1189 1006 est
1212 944 1235 1006 i.
1260 961 1289 1006 e.
1309 944 1352 1005 ius

155 1047 343 1110 creditorem
368 1052 514 1129 agentern
536 1044 758 1126 compellendi,
782 1050 853 1107 uta
876 1044 1023 1128 singulis,
1046 1044 1189 1108 simodo
1212 1043 1353 1107 solvendi

155 1150 219 1210 sint
239 1152 298 1210 n‘ee
320 1147 478 1223 absentes,
502 1151 608 1227 partes
628 1151 733 1226 petat3
757 1163 835 1226 quas
857 1147 885 1209 si
904 1163 967 1209 uon
988 1149 1179 1208 consecutus
1201 1146 1256 1222 sit,
1279 1143 1352 1208 soli-

156 1249 229 1312 dum
254 1249 292 1311 ab
316 1267 354 1310 eo
376 1265 469 1327 quem
491 1252 640 1310 convenit
663 1249 794 1330 exigere
818 1252 945 1327 potest.

197 1352 228 1432 ἓ.
241 1349 313 1415 818.
356 1348 426 1410 Non
457 1349 559 1411 solum
590 1348 697 1411 verbis
728 1347 939 1428 stipulationis
968 1363 1079 1411 verum
1111 1348 1205 1410 etiam
1234 1347 1351 1410 ueteris

155 1447 368 1512 contractibus
391 1447 490 1510 veluti
512 1453 681 1529 emptione,
705 1449 906 1525 venditione,
929 1449 1104 1525 locatione,
1130 1448 1352 1523 conductione,

157 1547 300 1628 deposito
326 1547 518 1611 commodato
540 1548 649 1629 plures
671 1550 719 1611 rei
740 1547 877 1611 debendi
899 1548 969 1610 fieri
988 1550 1122 1630 possint,
1145 1547 1274 1629 quando
1289 1548 1354 1608 sin-

156 1649 302 1732 gulorum
324 1648 414 1710 fidem
436 1649 617 1711 insolidum
636 1656 764 1712 secutus
788 1651 828 1711 sit
852 1649 1001 1726 creditor,
1023 1651 1097 1711 item
1120 1653 1152 1711 et
1173 1651 1355 1710 testamento

157 1755 192 1814 ut
214 1754 287 1831 puta
316 1751 343 1811 si
363 1749 506 1830 pluribus
531 1750 701 1813 heredibus
724 1751 875 1814 institutis
899 1757 1031 1812 testator
1053 1750 1186 1813 dixerit:
1217 1749 1312 1813 Titius
1332 1751 1356 1808 et

159 1850 291 1916 Mearm
312 1849 492 1927 Sempronio
516 1849 617 1912 decem
639 1849 750 1936 deret)
762 1869 771 1925 3
808 1857 862 1913 aut
883 1851 997 1913 iudicis
1024 1852 1181 1913 sententia
1195 1849 1235 1938 ⁷).
1288 1847 1356 1912 Ali-

157 1951 281 2032 quando
295 1953 364 2033 ipso
380 1953 449 2013 iure
464 1950 597 2033 alicuius
621 1953 823 2034 obligationis
840 1952 1008 2033 participes
1032 1951 1136 2014 correi
1149 1957 1236 2028 sunt,
1264 1949 1356 2012 veluti

158 2053 186 2114 si
207 2050 316 2131 plures
338 2050 446 2130 praedii
469 2054 654 2114 servitutem
676 2055 888 2133 promiserunt
898 2051 937 2139 8).

201 2171 231 2252 ξ.
245 2167 316 2232 819.
360 2167 443 2245 Alia,
467 2169 715 2251 quamplurium
738 2187 865 2232 reorum
887 2168 1122 2251 stipulandivel
1146 2166 1359 2250 promittendi,

160 2274 345 2330 oaeterarum
366 2269 504 2350 plurium
525 2271 558 2331 in
581 2271 714 2333 solidum
737 2271 963 2354 obligationum
987 2275 1036 2333 est
1055 2271 1105 2331 vis
1127 2275 1224 2349 atque
1243 2255 1361 2330 nat'ura.

161 2369 248 2432 Licet
271 2369 351 2431 enim
373 2371 592 2450 unusquisque
614 2371 805 2434 creditorum
828 2369 964 2434 solidum
988 2375 1109 2451 petere,
1133 2374 1164 2433 et
1184 2387 1203 2431 a
1223 2366 1362 2449 quolibet

162 2470 461 2548 debitorumtotum,
485 2471 568 2552 quod
586 2461 730 2550 debetur,
755 2473 841 2556 exigi
862 2473 962 2553 possit
970 2491 979 2548 ;
1004 2470 1364 2551 nihilominusnonuna

162 2571 275 2633 adesse
298 2570 425 2633 videtur
448 2571 620 2656 obligatio,
643 2572 698 2634 sed
723 2578 769 2636 tot
789 2572 892 2635 debita
920 2579 997 2654 quot
1022 2579 1097 2634 sunt
1117 2587 1276 2652 persouae,
1298 2584 1363 2648 qua

163 2689 241 2735 vero
263 2690 324 2734 una
347 2673 505 2736 solutione
531 2673 694 2737 tolluntur.
728 2674 867 2754 Ideoque
888 2676 916 2736 is
941 2675 1113 2755 quitatum
1135 2672 1253 2748 solvit,
1279 2675 1365 2733 cete·

163 2790 270 2834 rorum
293 2775 421 2856 negotia
447 2792 576 2858 gerens,
601 2775 638 2838 ab
661 2777 701 2837 iis
723 2781 830 2857 partes
853 2776 997 2857 recipere
1019 2772 1173 2857 potest9).

205 2871 368 2936 Eiusmodi
389 2875 572 2938 insolidum
596 2875 748 2959 obligatio
772 2878 916 2940 consistit
937 2877 1020 2938 inter
1035 2875 1144 2956 plures
1167 2871 1365 2969 mandatores

165 2971 311 3059 (stis.)
336 2981 389 3037 aut
401 2977 509 3071 plures
524 2979 718 3040 exercitores
729 2978 820 3040 navis
843 2977 889 3064 (ξ.
904 2976 1025 3064 1186),
1052 2976 1126 3037 item
1151 2974 1236 3034 inter
1259 2973 1365 3054 plures

166 3075 252 3135 servi
277 3078 447 3138 eommunis
466 3076 608 3140 dominos
618 3096 627 3152 3
653 3079 706 3157 qui
729 3076 767 3139 ob
783 3077 931 3139 delictum
947 3077 1015 3138 eius
1034 3073 1142 3138 noxali
1157 3073 1278 3137 iudicio
1291 3090 1366 3135 con-

166 3173 270 3235 veniri
294 3176 426 3253 possunt
444 3177 489 3260 (ξ.
504 3176 624 3265 1206).
1049 3161 1059 3257 J

209 3276 240 3358 ξ.
253 3274 325 3339 820.
369 3275 561 3340 insolidum
584 3277 721 3357 denique
745 3283 776 3339 et
798 3275 862 3338 illae
879 3275 1091 3358 obligationes
1104 3280 1190 3352 sunt,
1214 3290 1295 3355 ques
1310 3273 1367 3335 bo-

168 3445 366 3457 *u*-

205 3553 231 3621 1)
252 3557 295 3606 Fr.
318 3554 342 3606 1.
362 3553 385 3616 δ.
405 3554 447 3609 13.
465 3558 499 3607 D.
519 3552 563 3620 27,
583 3553 600 3607 3
618 3554 666 3622 (de
683 3555 783 3606 tutelae
801 3558 828 3605 at
848 3558 897 3605 rat.
918 3550 1016 3621 diste).
1031 3554 1062 3605 ir.
1083 3550 1126 3606 44.
1148 3550 1172 3613 §-
1191 3550 1220 3606 5.
1241 3554 1278 3604 Ι).
1295 3547 1370 3615 10,7

169 3625 263 3762 (fagil.
281 3627 414 3748 helrgised.
433 3644 456 3679 o.
474 3629 498 3681 2.
520 3629 549 3679 0.
569 3628 595 3678 h.
614 3632 632 3679 t.
653 3629 685 3679 ir.
703 3624 745 3680 39.
767 3628 800 3676 D.
820 3623 864 3690 46,
884 3619 974 3691 nme·
986 3621 1077 3689 fidei).

250 3699 293 3748 Fr.
350 3702 407 3751 .D.
429 3702 456 3751 h.
474 3705 493 3751 i.

201 3767 231 3834 3)
251 3769 294 3820 Fr.
311 3766 354 3821 47.
372 3773 405 3821 D.
426 3770 470 3835 19,
491 3771 508 3823 2
526 3765 639 3837 (leuati).
657 3769 689 3819 fr.
708 3763 751 3819 76.
770 3771 803 3820 D.
822 3766 867 3831 46,
886 3764 905 3819 3
924 3764 972 3836 (do
991 3759 1090 3828 solut).
1168 3811 1172 3816 Α

169 3909 179 3978 (
203 3837 235 3960 4)
251 3840 438 3974 Ex)rereripto
457 3841 591 3895 Hadriani
609 3840 632 3900 ἓ.
650 3836 676 3891 4·
698 3841 719 3890 I·
737 3839 763 3903 3,
778 3838 813 3894 20
830 3837 879 3905 (de
896 3835 989 3904 fidei).
1006 3840 1038 3889 ir.
1056 3835 1100 3888 26.
1118 3832 1162 3889 51.
1182 3835 1241 3896 §.L
1260 3835 1370 3902 D·46‚1

183 3927 215 3964 eo
238 3949 244 3961 .
266 3913 317 3961 tit.
423 3958 426 3963 .

205 3978 233 4049 5)
253 3984 297 4035 Ex
311 3985 425 4036 Novella
440 3985 492 4048 99,
512 3986 546 4035 de
564 3997 617 4051 quo
634 3986 706 4033 reete
726 3981 901 4049 intelligenda
920 3979 1032 4031 multum
1051 3976 1120 4031 iuter
1139 3979 1236 4032 dorios
1255 3978 1372 4047 disputo.

169 4061 221 4119 tur,
240 4056 286 4106 eir.
306 4074 330 4109 a.
353 4055 501 4124 Vanperow
519 4056 543 4116 6.
562 4051 623 4106 573.
641 4054 712 4104 Nota
728 4050 755 4104 4.

206 4123 234 4191 6)
253 4127 297 4178 Fr.
319 4130 343 4182 9.
364 4146 404 4195 pr.
425 4128 448 4187 ἓ.
470 4129 494 4180 l.
512 4129 546 4178 D.
566 4127 592 4175 h.
612 4130 631 4176 t.
649 4127 680 4175 fr.
699 4124 724 4175 1.
744 4122 800 4184 §.4
820 4124 852 4173 b.
874 4121 917 4185 16,
936 4118 953 4172 3
972 4116 1117 4188 (depositi).
1134 4119 1199 4174 165.
1212 4120 1240 4173 6.
1258 4123 1295 4175 D.
1307 4117 1372 4185 13,6

171 4196 366 4265 (commodati).
385 4202 417 4251 fr.
436 4197 461 4250 8.
480 4199 503 4258 §-
524 4199 549 4250 1.
570 4199 602 4247 D.
621 4193 657 4247 30
678 4192 726 4260 (de
746 4197 800 4260 leg.
818 4189 860 4258 1.).
878 4195 910 4244 ir.
930 4189 974 4244 25.
993 4192 1028 4242 Ι).
1048 4191 1083 4244 32
1103 4191 1152 4259 (de
1172 4193 1226 4260 leg.
1245 4189 1318 4258 ΙΙΙ).

205 4266 234 4335 7)
255 4270 283 4322 O.
306 4271 330 4323 1.
350 4271 375 4322 2.
395 4272 424 4323 G.
442 4269 467 4334 8,
485 4268 520 4322 55
539 4267 572 4334 (si
590 4268 680 4334 plures
698 4282 752 4318 una
773 4261 926 4329 sententia).
944 4265 976 4315 fr.
984 4260 1028 4316 43.
1046 4266 1080 4321 D.
1089 4262 1134 4327 42,
1154 4262 1170 4315 1
1189 4262 1240 4330 (de
1256 4259 1372 4328 mind).

206 4340 235 4404 8)
254 4343 297 4392 Fr.
317 4339 360 4394 25.
377 4343 400 4402 §-
422 4340 464 4394 10.
492 4339 523 4391 D.
542 4337 586 4401 10,
606 4339 623 4390 2
643 4336 715 4404 (iam.
735 4334 829 4402 hero).
852 4338 884 4387 ir.
903 4334 928 4386 2.
948 4334 971 4394 §-
990 4333 1015 4389 2.
1047 4333 1174 4399 1).45,1
1194 4332 1245 4400 (de
1264 4335 1299 4388 V.
1319 4331 1371 4399 0.).

170 4413 202 4462 ir.
220 4409 246 4464 4.
266 4412 290 4472 6.
309 4411 336 4466 4.
356 4409 386 4467 D.
404 4411 430 4478 8,
449 4412 466 4466 5
484 4411 518 4478 (si
531 4407 620 4475 serv).
637 4427 661 4462 v.
687 4411 833 4477 Vanperow
852 4406 876 4466 §-
894 4402 954 4459 567.
973 4410 992 4457 t.
1011 4407 1057 4460 ΙΙΙ.
1075 4425 1101 4474 p.
1121 4404 1165 4459 16.
1366 4444 1372 4459 .

206 4480 234 4548 2)
254 4485 298 4538 Fr.
317 4482 361 4539 25.
379 4487 402 4548 ἓ.
415 4484 521 4541 9.-11.
539 4479 628 4545 1210,
647 4481 663 4535 2
685 4479 758 4550 (fam.
778 4481 873 4547 heroi.
890 4481 922 4533 ir.
941 4477 966 4531 2.
984 4475 1044 4539 62.
1060 4474 1176 4544 D.45,1
1195 4469 1364 4544 (romoni)
