2804 4966
517 313 599 352 urm
614 314 647 350 ιι.
665 313 732 352 raas
751 314 772 352 ι.
794 312 855 352 ιιι.
872 313 891 355 ι.
1260 303 1297 361 79

140 441 260 506 Similia
285 442 355 504 iura
376 445 451 502 sunt
471 439 687 520 emphyteusis
707 445 741 502 et
759 440 956 521 superficies.

139 547 172 626 ᾖ.
184 543 257 608 290.
300 541 447 625 Pignoris
469 541 607 621 denique
629 540 682 603 vel
704 541 890 622 nypotbece
909 543 959 604 ius
978 543 1012 603 in
1031 559 1071 605 eo
1085 544 1239 621 consistit,
1261 548 1298 606 ut

92 661 153 706 res
174 644 276 707 aliena
299 643 331 704 in
355 641 559 725 obligationis
580 643 782 704 securitatem
803 642 955 705 debitoris
976 643 1046 705 loco
1066 644 1216 706 creditori
1237 643 1298 706 ob-

92 745 197 826 ligata
219 745 273 820 sit,
293 743 335 806 ita
360 749 467 805 utres
488 742 629 825 obligata
649 742 703 806 vel
725 743 862 806 obnoxia
884 742 1053 806 solutionis
1075 761 1169 808 causa
1186 763 1205 809 a
1222 763 1299 809 cre-

93 844 202 907 ditore
224 843 357 907 distrahi
379 845 481 925 possit
492 844 532 930 ¹).

141 950 173 1029 g.
187 945 261 1010 291.
305 945 415 1009 Omnia
436 945 504 1008 bec
528 945 597 1007 iura
620 946 652 1006 in
675 944 783 1007 eadem
810 962 847 1006 re
869 962 1063 1008 concurrere
1086 950 1237 1027 possunt,
1265 949 1301 1006 ut

95 1047 182 1110 alter
202 1046 384 1122 dominium,
407 1044 489 1107 alter
511 1046 709 1121 servitutem,
731 1045 813 1107 alter
832 1046 950 1128 pignus
971 1047 1003 1107 in
1023 1063 1061 1107 re
1083 1045 1206 1109 babeat.

141 1151 175 1232 ξ.
189 1147 262 1213 292.
305 1146 542 1231 Obligationum
565 1164 660 1208 uuum
680 1151 798 1208 tantum
820 1150 871 1208 est
891 1163 1005 1230 genus,
1026 1148 1169 1227 quamvis
1189 1164 1301 1210 enva-

97 1251 159 1314 riis
183 1250 287 1312 causis
311 1253 498 1322 nascantur3
533 1246 641 1310 eadem
665 1248 748 1309 enim
770 1251 820 1308 est
839 1248 975 1310 omnium
998 1252 1120 1323 natura,
1145 1251 1180 1307 ut
1201 1264 1241 1309 ex
1261 1247 1302 1308 iis

97 1349 236 1414 alicuius
258 1366 404 1430 persone
425 1347 541 1411 lactum
564 1348 627 1429 peti
650 1349 765 1428 possit,
794 1365 865 1429 que
886 1351 1013 1410 tenetur
1031 1346 1084 1409 vel
1108 1347 1147 1411 ad
1167 1346 1301 1410 dandum

96 1450 154 1515 vel
178 1450 218 1513 ad
242 1450 429 1514 iaciendum.

141 1553 175 1634 5.
186 1551 260 1616 293.
304 1550 560 1635 Obligationibus
581 1549 813 1632 aequiparandae
834 1554 910 1611 sunt
937 1550 1102 1625 actiones,
1135 1551 1306 1630 quaesunt

95 1653 173 1716 iura
195 1652 409 1733 persequendi
429 1653 462 1714 in
483 1651 620 1728 iudicio,
642 1651 727 1732 quod
745 1651 836 1713 nobis
858 1650 992 1714 debetur
1002 1649 1043 1736 ι).
1086 1651 1241 1713 Actiones
1264 1647 1304 1710 de

97 1754 187 1816 omni
210 1753 288 1815 iuris
311 1770 432 1835 genere
451 1758 525 1814 sunt
546 1753 733 1833 proposita,
757 1753 857 1815 veluti
876 1752 916 1814 de
937 1756 1040 1827 statu,
1064 1755 1241 1832 potestate,
1264 1747 1305 1810 de

96 1853 223 1916 lurein
242 1870 280 1914 rc
302 1853 393 1915 etde
415 1853 672 1936 obligationibus.
716 1852 823 1915 Omnis
843 1857 947 1915 autem
969 1853 1069 1930 actio,
1101 1868 1172 1931 quo
1191 1868 1305 1914 revera

99 1953 200 2016 alicui
223 1970 368 2034 persone
390 1957 482 2034 quasi
503 1956 666 2036 proprium
679 1957 738 2033 ,ius
765 1957 826 2017 iam
849 1955 1012 2034 competit,
1044 1953 1124 2015 iuris
1146 1951 1305 2014 vinculum
1355 2014 1362 2027 ‚

97 2056 275 2131 constituit,
296 2054 500 2138 obligationis
517 2056 647 2119 vinculo
666 2056 868 2134 simillimum,
890 2058 975 2119 inter
996 2060 1134 2120 actorem
1153 2057 1304 2137 etffircum,

99 2158 173 2222 sive
196 2157 246 2218 ius
268 2156 350 2219 iure
367 2160 600 2238 persequimur,
620 2159 690 2220 sive
713 2157 937 2241 obligationem
959 2156 1089 2221 aliudve
1112 2158 1174 2219 ius.
1195 2152 1305 2216 lienis

98 2257 247 2323 omuibus
269 2259 303 2319 iu
325 2264 438 2338 quarto
458 2258 694 2322 Institutionum
716 2265 897 2323 nostrorum
919 2259 1002 2323 libro
1023 2257 1208 2342 diligentius
1232 2254 1303 2317 dis-

99 2374 267 2441 proramus.

146 2459 180 2540 §-
191 2456 265 2522 294.
307 2447 480 2541 Superest,
511 2464 548 2522 ut
566 2477 766 2537 moneamus,
798 2462 891 2537 etiam
912 2462 982 2523 iura
1006 2463 1062 2521 sut
1082 2455 1213 2520 dividua
1232 2471 1306 2516 esse

100 2562 160 2621 aut
181 2557 355 2621 individua.
398 2557 497 2623 Cuius
519 2561 598 2625 iuris
620 2562 702 2624 enim
734 2580 771 2624 ea
801 2567 851 2623 est
875 2562 925 2624 vis
955 2567 988 2623 et
1009 2564 1142 2635 natura,
1172 2564 1208 2620 ut
1231 2557 1307 2620 licet

102 2675 159 2723 res
183 2675 241 2737 pro
262 2658 400 2722 indiviso
425 2663 597 2725 communis
620 2664 679 2739 sit,
706 2663 756 2726 ius
776 2668 880 2725 tamen
902 2661 1040 2743 plurium
1059 2676 1119 2740 pro
1140 2665 1207 2722 rata
1233 2676 1306 2721 esse

102 2759 224 2841 possit:
259 2758 289 2821 id
314 2759 476 2825 dividuum
500 2762 610 2841 baberi
630 2763 743 2840 debet,
776 2763 872 2844 quale
892 2768 942 2825 est
962 2761 1133 2825 dominium
1153 2765 1186 2822 et
1207 2776 1306 2822 usus-

103 2863 241 2928 fructus.
283 2863 329 2926 Ea
349 2880 429 2928 vero
451 2865 522 2928 iura
543 2881 624 2945 que,
645 2866 674 2928 si
695 2864 734 2927 ad
759 2864 868 2946 piures
890 2864 1086 2945 pertineant,
1113 2860 1250 2944 singulis
1272 2862 1306 2922 in

103 2964 242 3028 solidum
265 2969 457 3045 competunt,
479 2964 642 3052 individua
663 2972 748 3042 sunt,
770 2966 870 3028 veluti
888 2967 1060 3035 servitutes
1082 2968 1115 3025 et
1134 2963 1306 3025 rerumin-

103 3065 307 3130 dividuarum
327 3063 549 3148 obligationes.
602 3065 675 3129 llaec
692 3069 763 3130 iura
783 3085 843 3149 pro
862 3072 952 3149 parte
973 3082 1078 3147 neque
1099 3064 1220 3145 acquiri
1244 3081 1306 3126 ne-

101 3185 168 3250 que
187 3167 286 3230 amitti
306 3167 488 3254 possuntt).

102 3353 175 3407 'nu
194 3353 242 3406 ΙΙΙ.
265 3353 315 3404 ΒΕ
332 3351 568 3416 incombustus
586 3355 634 3406 ΕΤ
650 3355 864 3408 munuum
882 3354 1007 3408 RERUM
1024 3351 1310 3420 POSSESSIONE‘).

147 3489 180 3569 §-
193 3483 267 3552 295.
311 3484 473 3566 Expositis
493 3503 601 3550 rerum
625 3487 835 3551 divisionibus
856 3489 889 3551 iu
908 3507 949 3552 eo
970 3494 1036 3568 est,
1068 3493 1103 3550 ut
1128 3488 1169 3552 de
1191 3467 1305 3590 acqui:
1351 3514 1358 3534 =

102 3636 304 3645 ———-—

140 3727 172 3798 1)
190 3727 337 3853 Sepvitntea
351 3729 412 3784 lure
429 3731 500 3785 cirili
516 3731 577 3783 iuro
594 3731 624 3784 in
640 3747 670 3785 ro
686 3735 764 3798 sunt3
785 3736 882 3786 cetera
898 3732 928 3785 ιιι
943 3747 973 3786 ιο
992 3732 1083 3786 nilons
1100 3731 1169 3797 iurs,
1184 3730 1306 3800 pretorio

102 3808 210 3856 tantum
239 3817 294 3854 ure.

139 3869 170 3938 2)
191 3874 236 3925 Pr.
252 3874 276 3937 1,
293 3869 322 3938 4,
340 3871 586 3942 bideooiionib..)

141 3943 255 4012 marg.
272 3947 305 3996 ιι.
314 3909 368 3997 417.
391 3947 426 3996 D.
443 3943 470 4009 8,
488 3941 781 4011 1(deservitutibus)
805 3945 838 3998 ιι.
855 3941 900 3997 42.
918 3947 1010 4013 p..rD
1028 3944 1073 4010 41,
1090 3945 1108 3998 2
1135 3943 1304 4014 (ιοιοφιιι.

100 4017 150 4068 vel
174 4015 314 4068 amima
336 4013 432 4083 p.oss)
453 4019 499 4069 ir.-
505 4013 549 4068 72.
565 4034 606 4085 r
629 4018 664 4070 D
681 4013 727 4080 45,
745 4016 761 4068 1
787 4013 837 4081 (dc
861 4018 967 4070 verbor
995 4015 1098 4084 oblig..)
1122 4020 1154 4069 ιι.
1172 4013 1216 4069 25.
1239 4014 1305 4075 §.L

99 4089 136 4140 D.
157 4084 256 4150 50,16
276 4083 444 4154 (deust.
480 4034 649 4155 Vulgophaeo
670 4089 765 4140 inter
755 4104 816 4139 rura
837 4086 950 4139 dividua
968 4095 995 4140 et
1012 4089 1153 4141 individua
1172 4087 1304 4138 distinctio

100 4158 142 4212 od
162 4171 217 4221 res,
234 4158 264 4210 in
281 4159 518 4227 quibusoomtant,
536 4160 659 4224 trahitur,
677 4174 744 4228 quas
761 4159 883 4210 hodierni
900 4160 965 4213 inde
984 4162 1095 4213 civiliter
1111 4160 1168 4211 sive
1182 4158 1306 4209 idealiter

99 4229 234 4282 dividuas
251 4235 299 4281 aut
314 4230 470 4284 individuas
489 4231 589 4283 dicunt.
630 4233 700 4283 Eam
718 4246 783 4282 vero
808 4230 881 4280 sd
872 4246 931 4298 rpsa
954 4233 1013 4284 iure
1030 4233 1160 4299 pertinere
1181 4231 1210 4279 ln
1228 4229 1306 4283 Com

98 4301 245 4355 mentarbs
261 4303 360 4354 nostris
378 4303 492 4370 primum
512 4318 584 4355 anno
603 4299 682 4356 1825.
707 4301 862 4366 docuimus,
879 4309 944 4355 tom.
964 4304 984 4354 1.
1009 4318 1071 4370 pag.
1092 4301 1128 4356 89
1150 4305 1183 4352 οι·
1199 4300 1307 4367 plenius

100 4373 284 4442 exposuimus
306 4373 336 4425 in
352 4373 493 4437 Rossbirt,
510 4374 672 4444 Zea'tscbrs'st
688 4378 708 4425 t.
725 4375 760 4427 11.
778 4375 796 4426 l.
815 4389 854 4426 o:
879 4374 936 4427 hae
960 4379 1054 4429 nostru
1078 4370 1223 4440 explicatis
1249 4373 1305 4424 inm

96 4445 187 4500 bodie
207 4445 369 4512 genarditsr
385 4460 463 4513 recep
463 4451 493 4497 ιι
509 4450 559 4499 eat.

135 4460 1305 4586 ammunitionem-unutoslssquutusno
