2804 4966
396 322 399 329 .
490 299 611 343 crnsnu.
622 300 730 340 suasu.
741 300 839 345 estur.
1206 297 1259 353 14⁷

59 429 101 506 is,
124 432 219 493 cuius
239 428 280 491 de
300 426 476 492 hereditate
495 428 658 508 queritur.
702 428 792 502 Quod
814 432 841 494 si
863 431 945 496 facto
964 437 1150 498 testamento
1172 436 1265 516 quis-

60 548 155 611 quam
177 529 368 609 decesserit,
398 549 455 611 per
476 529 537 593 hoc
558 536 681 612 tempus
703 534 924 612 requiruntur,
956 553 1019 615 quo
1048 542 1169 599 certum
1192 555 1264 601 esse

61 632 214 712 creperit,
240 631 361 695 nulfum
383 649 425 694 ex
445 635 631 695 testamento
653 632 802 695 heredem
830 635 1034 712 exstiturum,
1057 638 1156 700 vetuti
1181 637 1265 719 quod

61 736 287 796 testamentum
308 733 480 796 rescissum
501 729 554 793 rel
575 731 758 795 destitutum
780 732 923 816 trertt1).

99 853 132 933 ἕ.
145 849 222 917 512.
265 849 376 931 Neque
390 856 493 914 tamen
507 868 633 931 semper
648 852 686 928 is,
710 855 764 931 qui
778 852 922 932 proximo
940 854 1140 935 cognationis
1160 854 1263 934 gradu

58 950 213 1015 defuncto
235 954 361 1015 iunctus
383 956 443 1028 est,
468 951 628 1034 legitimus
651 951 745 1014 heres
769 952 920 1015 efficitur:
946 952 1002 1015 sed
1023 954 1077 1033 qui
1103 958 1133 1015 et
1154 953 1263 1015 ordine

57 1057 92 1114 et
110 1051 216 1133 prede
236 1053 397 1135 proximus
423 1051 566 1114 habetur.
610 1051 804 1114 Deferuntur
823 1055 905 1115 enim
922 1055 1053 1134 primunr
1069 1055 1262 1117 hereditates
1327 1133 1332 1145 f

57 1152 238 1217 secundum
260 1152 389 1216 ordines
412 1153 474 1229 ita,
506 1157 560 1229 ut,
592 1154 700 1233 quiin
728 1155 897 1216 remotiore
927 1154 1038 1217 ordine
1061 1156 1264 1217 inveniantur

59 1255 206 1338 cognati,
228 1259 292 1316 tum
315 1253 438 1315 demum
460 1252 672 1329 admittantur,
698 1271 767 1316 cum
790 1273 830 1316 ex
851 1257 957 1334 priore
974 1255 1084 1317 ordine
1099 1274 1190 1319 nemo
1205 1273 1263 1318 su-

56 1358 192 1436 persii,¹
222 1356 346 1419 etiamsi
368 1354 505 1417 fortasse
532 1354 580 1417 itti
611 1355 711 1438 gradu
740 1358 906 1436 propiores
928 1356 1038 1442 sint2).
1083 1357 1177 1419 Immo
1202 1355 1264 1420 afi-

58 1456 188 1538 qnendo
209 1457 243 1518 in
266 1456 377 1520 eodem
398 1456 510 1519 ordine
530 1459 718 1519 remotiores
746 1458 873 1538 cognati
902 1455 994 1519 simul
1018 1475 1087 1519 cum
1112 1459 1262 1538 proximis

57 1552 237 1621 vocantur:
253 1558 397 1621 nimirum
413 1558 537 1637 quando
551 1557 642 1620 liberi
656 1563 820 1638 parentum
835 1557 1120 1637 praedefunctorum
1134 1577 1263 1622 suorum

58 1658 220 1721 inlocum
241 1658 437 1731 succedunt,
468 1675 640 1738 eorumque
663 1663 784 1738 partem
812 1659 980 1738 accipiunt.
1024 1658 1176 1722 Hodierni
1207 1677 1261 1723 eos

57 1758 127 1821 iure
147 1759 437 1839 repraesentationis
457 1758 631 1822 succedere
652 1758 776 1821 dicunt·

97 1858 249 1940 Denique
281 1858 470 1922 admonendi
503 1875 630 1934 sumus,
659 1859 859 1921 remotiorem
882 1857 1024 1921 ordinem
1047 1875 1110 1920 non
1132 1859 1262 1934 admitti,

62 1961 212 2039 quamdiu
233 1962 266 2022 in
290 1959 488 2040 precedente
511 1965 665 2041 cognatus
687 1960 843 2039 supersit,
873 1959 926 2038 qui
948 1958 1154 2021 hereditatem
1176 1959 1264 2021 adire

67 2062 182 2147 possit:
205 2079 276 2124 nam
298 2061 470 2123 novissimo
492 2064 562 2124 iure
583 2065 615 2122 et
636 2059 780 2124 ordinum
804 2065 835 2121 et
856 2059 1010 2141 graduum
1027 2061 1190 2121 successio
1204 2059 1263 2121 ad-

10 2230 12 2235 ,
68 2161 156 2225 nisse
176 2162 280 2248 esti).

109 2278 223 2360 §513-
266 2278 301 2342 Si
323 2279 432 2358 plures
454 2278 546 2341 simul
571 2278 610 2340 ad
633 2276 838 2340 hereditatem
861 2277 1070 2357 perveniunt,
1101 2275 1261 2339 hereditas

24 2454 27 2459 Ι
77 2376 147 2439 inter
172 2395 229 2441 cos
254 2378 411 2441 dividitur
438 2385 493 2442 ant
524 2397 581 2459 pro
616 2395 746 2440 numero
778 2394 983 2457 personarum
1013 2376 1261 2451 succedentium,

82 2492 137 2555 qus
157 2478 272 2542 divisio
295 2482 328 2542 in
356 2480 462 2559 capite
483 2480 678 2561 appelletur,
708 2484 762 2540 aut
786 2497 844 2559 pro
866 2479 1021 2541 linearum
1043 2478 1095 2539 vel
1117 2479 1261 2556 stirpium

83 2593 209 2657 aunem,
242 2582 304 2660 quo
327 2580 408 2645 facto
431 2581 547 2644 divisio
568 2583 600 2642 in
621 2581 718 2641 tineas
739 2579 791 2642 vel
813 2581 845 2641 in
866 2578 979 2656 stirpes
1001 2577 1069 2640 fieri
1091 2577 1258 2666 dicitur4).

117 2698 141 2776 §-
150 2697 218 2763 514.
263 2697 369 2781 Vulgo
393 2700 582 2779 interpretes
613 2705 677 2760 tres
705 2697 918 2780 legitimorum
948 2697 1099 2759 heredum
1133 2695 1261 2758 ordines

89 2788 280 2880 distinguunt:
304 2816 373 2861 cum
395 2800 585 2862 fustinianus
605 2801 636 2861 in
659 2800 760 2861 trihus
783 2798 925 2861 Novelfae
946 2797 1083 2860 cxvttt.
1107 2797 1260 2877 capitibus

90 2894 196 2971 punem
219 2899 349 2978 tiberis,
379 2900 493 2964 deinde
518 2901 558 2963 de
579 2901 761 2982 parentibus
784 2906 817 2962 et
836 2903 930 2962 tertio
953 2899 1024 2961 loco
1046 2898 1086 2960 de
1116 2899 1260 2981 cognatis

90 2993 224 3062 exlatere
249 3000 365 3063 iunctis
393 3000 516 3064 loeutus
538 3004 589 3064 sit.
634 3002 786 3075 Quoniam
809 3007 912 3064 autem
942 3001 1043 3064 eidem
1067 2999 1171 3062 ordini
1201 2998 1260 3061 ad-

91 3101 244 3163 ttnerandi
276 3107 349 3164 sunt
377 3119 502 3179 omnes,
541 3104 594 3184 qui
622 3103 715 3166 simul
744 3106 813 3165 sive
841 3104 1029 3165 coniunctim
1060 3100 1098 3164 ad
1126 3100 1260 3162 alicuius

39 3280 42 3285 Ι
91 3187 268 3264 hereditatem
291 3209 463 3280 vocantur,
500 3206 609 3266 verior
631 3204 763 3266 dicende
786 3209 835 3266 est
861 3203 1156 3266 iurisconsultorum
1179 3219 1261 3281 qua-

92 3292 146 3357 fttt
169 3301 296 3365 ordines
324 3320 365 3364 ex
385 3302 518 3367 Novella
551 3305 792 3387 distinguendos
822 3322 894 3367 esse
918 3305 1159 3367 existimantium
1181 3320 1260 3364 sen-

91 3391 173 3460 hara.
212 3401 372 3465 Vocantur
403 3405 485 3465 enim
507 3406 607 3485 primo
629 3405 700 3466 loco
727 3404 837 3482 liberi,
870 3403 985 3466 deinde
1015 3407 1161 3483 parentes
1189 3418 1258 3462 cum

92 3487 211 3564 intnhm
230 3502 284 3565 vei
308 3505 471 3567 sororibus
494 3507 651 3588 germanis
674 3505 826 3582 defuncti,
849 3507 921 3567 item
944 3503 1074 3566 fratrum
1094 3504 1145 3565 vel
1163 3521 1258 3565 soro-

10 3652 15 3701 ,
92 3604 142 3655 run
159 3602 437 3678 praedeiunctorum
459 3605 514 3668 filii
537 3605 684 3687 htiaeque,
707 3608 739 3667 in
763 3607 856 3669 tertio
877 3606 988 3668 ordine
1013 3606 1126 3667 fratres
1149 3609 1182 3667 et
1201 3621 1259 3666 so-

96 3756 261 3791 N.

10 3898 14 3963 ἰ
120 3886 141 3959 1)
155 3897 175 3959 t.
190 3902 213 3957 8.
228 3905 250 3957 1.
267 3903 294 3968 3,
313 3904 330 3958 8
346 3903 395 3968 (ue
413 3906 465 3973 103.
486 3922 548 3972 ege.
565 3904 701 3973 aurose).
720 3909 751 3959 e.
769 3906 794 3959 8.
815 3907 838 3968 a.
857 3905 881 3959 1,
901 3909 932 3959 e.
950 3906 975 3959 a.
994 3911 1017 3971 t·
1026 3904 1050 3958 5.
1070 3905 1095 3957 8.
1114 3908 1147 3956 n.
1161 3905 1204 3970 38,
1224 3904 1257 3957 rc

94 3951 130 4023 (u
143 3971 185 4025 m
200 3981 226 4029 e
243 3974 337 4044 aegre).
355 3979 387 4029 e.
404 3975 432 4029 4.
454 3979 486 4029 n.
504 3976 550 4042 38,
568 3976 585 4030 7
603 3975 686 4045 (unua
703 3977 834 4046 regnem).
853 3982 884 4032 e.
897 3975 922 4030 ⁷.
940 3997 978 4045 pr.
998 3981 1031 4035 o.
1050 3975 1094 4041 38,
1114 3975 1131 4028 8
1150 3973 1183 4041 (c
1200 3979 1256 4027 aaa.

93 4033 139 4085 fiii
152 4055 197 4096 nen
214 4044 342 4113 antae).
362 4047 386 4108 d.
405 4044 430 4100 7.
449 4050 470 4101 Ι.
488 4046 514 4112 3,
535 4048 549 4101 1
568 4048 619 4114 (tic
641 4050 706 4117 cit).

119 4100 142 4169 2)
153 4110 180 4165 h
193 4118 243 4171 heo
251 4135 281 4172 re
289 4120 449 4173 festinianus
459 4127 516 4171 tem
524 4122 567 4173 fus
579 4122 655 4175 civite
670 4138 750 4190 quam
759 4123 908 4187 pretorium
922 4120 1040 4171 imitatus
1052 4123 1099 4169 eet.
1118 4121 1164 4169 cir.
1188 4119 1219 4168 ir.
1231 4115 1255 4168 1.

10 4164 16 4197 ’-
92 4168 266 4328 {apim
282 4190 310 4244 8.
330 4188 373 4242 ro.
392 4191 435 4245 19.
452 4189 495 4247 ao.
513 4194 547 4244 a.
566 4191 609 4257 38,
629 4192 662 4246 ro
681 4193 728 4258 (ue
748 4193 801 4246 sun
819 4199 846 4246 et
862 4188 953 4260 aga).
975 4208 997 4242 0.
1016 4188 1041 4240 8.
1061 4190 1090 4241 o.
1111 4188 1137 4252 8,
1157 4183 1191 4240 te
1210 4186 1257 4256 (aa

118 4310 134 4365 ³
154 4320 176 4382 ί
191 4326 250 4387 t.1.
268 4331 293 4385 3.
312 4330 329 4384 2
348 4328 396 4399 (de
414 4348 475 4399 agn.
495 4333 629 4397 success).

119 4380 135 4436 4
158 4393 217 4453 tter.
232 4401 292 4458 118.
311 4419 334 4456 o.
354 4401 378 4454 1.
397 4401 422 4455 2.
442 4401 467 4457 3.
484 4405 512 4455 in
529 4405 548 4454 i.
584 4405 655 4457 Male
673 4402 796 4458 hodierni
814 4401 928 4459 heredes
946 4405 973 4454 in
992 4403 1096 4470 capite,
1115 4403 1141 4453 in
1161 4402 1256 4465 linere,

94 4453 128 4505 '⁹¹
140 4460 163 4515 ¹¹¹
176 4472 260 4542 tirpes
272 4474 420 4530 ,recredere
442 4475 542 4528 dieunt.

1360 704 1377 739 Ι
