2804 4966
601 310 791 351 unnenscare.
1262 300 1296 357 81

95 441 263 518 peratores
287 435 463 501 Germaniae
483 437 551 499 bec
573 437 677 500 studia
706 436 873 511 fovebant3
905 438 985 500 iuris
1018 439 1122 502 civilia
1150 438 1297 503 doctores

98 538 133 600 in
154 553 266 620 regum
288 537 441 613 consiliis,
465 538 496 598 in
520 536 616 599 curiis
639 542 671 598 et
695 536 903 600 tribunalibus
925 537 1042 618 ubique
1065 541 1297 619 quaerebantur.

100 637 346 718 Insequentibus
368 635 493 699 seculis
513 637 545 697 in
564 635 663 698 Gallia
687 636 795 720 (xnr.)‚
820 637 983 701 Germania
1005 637 1098 727 (rav.)
1125 646 1158 704 et
1177 643 1208 704 in
1221 620 1298 706 Bel-

101 740 156 822 gio
182 738 285 823 (xm),
315 737 352 799 ad
376 735 524 798 italorum
546 736 733 816 exemplum,
755 736 834 799 iuris
856 739 976 800 romani
999 738 1117 801 scholae
1136 741 1298 806 institutae.

100 837 178 901 lude
198 837 388 913 factumest,
410 840 445 896 ut
466 837 544 898 iuris
567 834 750 899 iustinianei
771 854 887 917 eorpus
902 840 1079 920 praecipuus
1096 842 1173 905 iuria
1195 843 1299 905 civilis

100 940 170 1002 lons
192 943 223 1000 et
247 938 418 1000 communis
443 935 604 999 civitatum
628 937 681 1000 lex
703 937 785 1017 apud
811 940 998 1003 cultissimas
1017 939 1153 1023 lluropae
1185 949 1298 1025 gentes

101 1039 141 1102 ad
165 1044 275 1103 nostra
297 1054 399 1118 usque
422 1044 561 1120 tempora
586 1039 694 1118 lieret,
727 1048 759 1102 et
784 1039 1042 1124 iurisprudentia
1070 1061 1206 1106 romana
1227 1049 1299 1106 atu-

102 1142 188 1205 dium
213 1141 331 1220 ubique
360 1144 508 1219 tanquam
533 1143 647 1221 optima
678 1142 717 1204 ad
751 1142 922 1223 perfectam
951 1145 1028 1207 iuris
1054 1145 1227 1208 doctrinam
1248 1146 1299 1208 via

54 1279 59 1285 -
102 1248 199 1323 atque
220 1239 387 1311 methodus
410 1238 581 1302 coleretur.

141 1364 174 1442 §-
188 1359 279 1424 iou·
304 1358 398 1422 Primi
419 1361 499 1423 iuris
519 1362 639 1423 romani
660 1363 692 1424 in
715 1363 803 1426 ltalia
816 1363 964 1428 doctores
988 1365 1061 1428 idco
1084 1383 1213 1446 quoque
1237 1382 1300 1427 no·

101 1462 216 1526 tabiles
246 1460 382 1524 habendi
407 1465 500 1537 sunt,
535 1447 618 1542 quod
651 1465 682 1524 in
712 1464 781 1543 ipso
814 1465 884 1525 iure
916 1482 1045 1528 romano
1075 1467 1208 1544 eiusque
1239 1480 1300 1527 usu

76 1562 235 1645 plurima
257 1560 459 1624 innovabant.
510 1559 625 1625 Eorum
653 1565 735 1626 enim
763 1564 1041 1645 interpretationes
1071 1571 1104 1628 et
1123 1559 1300 1646 opiniones,

101 1663 173 1725 luce
195 1661 389 1745 philologiae
412 1667 444 1723 et
466 1661 616 1726 historica
637 1665 762 1728 minime
784 1665 959 1744 illustratae,
983 1669 1135 1749 cumipse
1156 1667 1226 1728 iure
1243 1682 1300 1727 rc-

96 1776 191 1828 ‘mano
215 1765 246 1826 in
268 1764 347 1827 ioris
369 1768 443 1825 suut
464 1770 621 1844 receptc3
643 1765 724 1842 loca,
747 1766 856 1848 glossa
873 1766 1011 1850 vulgari,
1035 1767 1167 1830 collecta
1180 1765 1217 1829 ab
1232 1766 1300 1827 Ae-

103 1873 209 1935 cursio
234 1872 417 1935 Glossatore
441 1871 558 1953 saeculo
579 1888 735 1949 arra-non
758 1876 875 1948 notata,
897 1871 979 1953 legis
996 1869 1213 1932 auctoritatem
1236 1883 1300 1930 non

104 1973 327 2059 obtinuere¹);
369 1970 548 2033 Graecorum
571 1971 732 2053 vulgatae,
759 1973 804 2032 uti
826 1971 1041 2052 appellantur,
1072 1968 1239 2030 versiones
1261 1966 1299 2027 ab

104 2073 168 2136 iilis
190 2072 342 2149 oriundae,
366 2073 467 2151 ipsius
481 2074 586 2132 textus
606 2069 677 2132 loco
699 2069 828 2146 babitae3
853 2061 1004 2133 librorum
1018 2070 1097 2130 iuris
1121 2066 1200 2130 ordo
1221 2066 1300 2129 adeo

103 2173 258 2257 singulari
281 2176 372 2239 modo
402 2177 537 2234 mutatus
565 2175 631 2239 est.
679 2170 843 2233 Pandectae
867 2169 1032 2254 Digestum
1057 2169 1158 2246 dicta,
1180 2169 1213 2230 in
1235 2172 1299 2229 tres
1391 2200 1394 2207 ·

101 2282 222 2357 partes,
245 2274 403 2357 digestum
425 2278 534 2348 cetus,
557 2271 750 2351 insortiatoan
774 2277 807 2333 et
829 2288 951 2347 acaum,
975 2271 1149 2346 distincte,
1184 2285 1298 2330 novem

104 2378 230 2458 priores
252 2375 378 2438 Codicis
401 2374 473 2435 libri
498 2392 515 2435 a
539 2373 673 2454 reliquis
696 2374 843 2453 separati,
863 2375 916 2452 qui
939 2389 1008 2434 curn
1021 2369 1165 2434 Novellis
1186 2385 1299 2449 porca,

102 2483 137 2539 ut
159 2476 332 2554 dicebatur,
355 2474 507 2536 adamica
523 2474 773 2537 continebantur.
799 2471 943 2534 Novella
963 2471 1214 2534 authenticarum
1237 2489 1299 2534 no-

102 2578 185 2638 mine
207 2578 238 2638 in
265 2574 569 2639 novemcolioticnes
591 2575 757 2650 distinctae,
776 2573 890 2655 quibus
913 2573 985 2635 libri
1006 2573 1086 2634 iuris
1109 2571 1244 2636 feudalis
1265 2574 1299 2635 in

104 2677 191 2740 ltalia
227 2678 399 2757 conscripti
432 2681 577 2754 tanquam
607 2674 725 2736 decima
748 2667 917 2753 aliquando
938 2672 1133 2736 addebantur
1156 2672 1295 2734 collatio.

103 2777 356 2841 Institutionibus
378 2783 410 2839 et
423 2776 530 2840 Codici
542 2776 658 2839 breves
671 2774 874 2838 Novellarum
897 2775 1051 2854 epitomae,
1075 2779 1106 2836 et
1125 2775 1298 2855 ipsaenunc

101 2878 291 2942 authentice
324 2879 433 2956 dicta,
463 2881 611 2955 inserte,
647 2893 706 2938 nec
738 2893 803 2938 non
825 2874 1050 2956 imperatorum
1073 2873 1297 2937 Germanorum

102 2978 298 3060 quorundam
322 2997 413 3042 novar
435 2979 688 3042 constitutiones.

143 3098 174 3176 ξ.
186 3094 257 3160 104.
302 3096 422 3159 lnculta
445 3095 618 3177 permansit
639 3094 717 3156 iuris
737 3096 858 3158 romani
881 3095 912 3156 in
938 3094 1064 3177 Europa
1086 3090 1298 3176 perplurima

101 3195 217 3256 secula
247 3197 420 3274 institutio,
454 3197 494 3259 ob
516 3195 696 3259 methodum
717 3196 912 3259 dialecticam
935 3197 1131 3259 scholastice
1153 3182 1298 3277 pbiloso-

100 3296 184 3379 pbiae
212 3298 245 3360 in
267 3315 304 3360 ea
328 3304 485 3380 receptam
512 3298 676 3361 barbarior
697 3298 788 3361 facta.
840 3297 982 3378 lpsorum
1002 3296 1133 3360 lentium
1155 3301 1299 3358 accurata

101 3399 279 3479 inquisitio,
301 3402 368 3463 sine
388 3401 583 3484 philologiae
604 3394 863 3481 interpretatione
879 3397 1050 3475 difficilior,
1072 3385 1144 3479 post
1157 3395 1299 3458 Glossanr

102 3501 316 3581 compositam,
337 3501 461 3584 negligi
484 3501 595 3581 coepit3
623 3517 692 3562 curn
713 3501 743 3561 in
766 3500 845 3561 iuris
867 3515 927 3560 usu
950 3499 1054 3580 magni
1076 3497 1197 3558 numeri
1219 3513 1298 3557 auc-

100 3606 203 3665 torum
226 3606 426 3666 recitatorum
458 3605 629 3667 auctoritas
651 3604 818 3684 plurimum
840 3599 974 3663 valeret.
1028 3597 1151 3662 Saeculo
1175 3591 1298 3659 demum

54 3712 69 3725 ⁸
103 3701 224 3765 decimo
246 3707 477 3768 sextorenatis
495 3706 596 3768 literis
611 3707 758 3786 antiquis,
780 3703 1203 3786 pbilosophiaebistoriaeque
1227 3707 1298 3761 stu-

101 3803 176 3885 diis,
200 3803 365 3868 liberalior
386 3805 526 3869 eilloruit
556 3808 635 3869 iuris
658 3804 836 3886 disciplina.
888 3803 1087 3868 coniunxere
1116 3809 1191 3865 tunc
1218 3805 1297 3864 iuris

101 3901 250 3968 doctores
273 3906 414 3968 melioris
437 3913 520 3969 note
545 3908 624 3969 iuris
647 3907 809 3969 scientiam
832 3923 901 3968 curn
916 3904 981 3968 illis
994 3903 1179 3986 disciplinis,
1202 3908 1296 3983 atque

99 4001 253 4067 historice
275 4008 325 4067 ius
347 4022 508 4068 romanum
525 4006 712 4091 indagantes
725 4023 833 4068 veram
846 4025 884 4068 ac
899 4024 1077 4088 germanam
1092 4005 1171 4067 iuris
1188 4009 1296 4079 artem,

101 4106 204 4187 qualis
228 4109 309 4189 apud
336 4115 462 4172 veteres
481 4107 598 4184 floruit,
622 4125 818 4191 cognoscere
842 4108 925 4171 etin
948 4109 1042 4169 vitam
1063 4108 1176 4170 iterum
1197 4120 1296 4166 revo-

99 4225 172 4269 care
189 4210 389 4274 studuerunt.
434 4212 510 4275 lnde
533 4214 611 4275 iuris
625 4213 878 4276 anteiustinianei
898 4209 1080 4292 superstiiia
1099 4209 1295 4270 monumenta

95 4389 293 4402 ...κ-.-

135 4491 163 4560 1)
183 4495 250 4548 luda
266 4495 435 4563 proverbium
456 4494 536 4546 illud:
559 4491 639 4556 Quod
648 4508 703 4546 non
714 4493 834 4560 agnoscit
848 4493 948 4558 glossa,
963 4489 992 4541 id
1010 4460 1064 4542 non
1075 4490 1196 4556 agnoscit
1210 4487 1290 4540 curia.
