2804 4966
587 313 670 353 ursus
689 314 708 356 ι.
727 314 786 353 csr.
805 313 844 356 rr.
1287 309 1320 367 71

70 451 80 517 i
118 451 331 534 collegiorum
355 446 537 530 privilegiis
560 443 799 508 constitutorum
822 446 901 508 socii
915 444 953 532 ¹),
975 448 1142 511 senatorio
1155 447 1319 534 diguitatis

117 553 193 630 viri,
215 549 341 613 athlete
362 549 514 623 coronati,
538 551 570 608 et
590 546 723 628 ingenui
744 563 762 609 a
783 544 925 609 libertini
946 545 1045 610 tutela
1067 547 1120 612 rel
1144 567 1219 615 cura
1242 567 1318 617 sns-

70 662 75 720 l
118 650 282 735 cipienda3
306 648 400 711 sicuti
422 649 550 710 maritus
571 666 590 710 a
614 663 689 708 cura
712 646 822 708 uxoris
833 644 875 732 ²).

163 751 277 836 §.260.
322 749 399 812 ltern
420 748 583 811 excusatio
605 747 797 829 permittitur
816 752 948 828 propter
966 747 1104 827 liberos3
1136 750 1164 814 si
1191 749 1319 831 quidem
1384 730 1388 737 ’

118 856 191 936 quis
212 852 318 914 Romae
337 857 421 927 tres,
450 852 484 913 in
503 849 676 931 provinciis
699 848 840 929 quinque
862 847 957 911 habet
974 851 1181 931 superstites,
1212 851 1265 915 vel
1284 855 1318 916 in
1370 913 1372 918 ,

116 954 204 1018 bello
226 951 410 1037 amissos³).
454 948 570 1014 Similis
593 954 643 1012 est
663 949 827 1013 excusatio
849 949 937 1027 eius,
962 951 1018 1032 qui
1040 951 1101 1014 iam
1122 951 1240 1033 triplici
1264 958 1318 1016 tu-

116 1053 190 1117 telae
210 1069 326 1128 onere,
358 1051 410 1112 vel
433 1066 495 1112 una
518 1048 576 1112 sed
598 1049 777 1112 dilliciliore
799 1049 898 1113 tutela
919 1049 1130 1136 gravatur⁴)‚
1160 1053 1213 1116 uel
1236 1054 1318 1133 eius,

116 1157 175 1238 qui
194 1153 328 1217 alicuius
351 1155 436 1214 tutor
456 1156 540 1228 erat,
566 1167 626 1213 neo
650 1149 829 1213 invitusad
853 1149 994 1213 eiusdem
1018 1167 1125 1216 curam
1146 1155 1319 1235 gerendam

115 1256 274 1338 adstringi
295 1250 451 1341 potestl).

160 1359 191 1440 §.
206 1355 278 1420 261.
321 1353 370 1418 Ad
397 1352 631 1417 excusationem
663 1351 801 1433 denique
832 1359 966 1435 prosunt
994 1354 1141 1418 adversa·
1157 1354 1319 1434 valetudo,

115 1457 294 1521 litterarum
314 1456 481 1537 imperitia,
504 1460 750 1536 paupertasque,
773 1459 847 1518 etas
870 1455 951 1531 eius,
974 1457 1029 1536 qui
1050 1458 1149 1519 maior
1169 1461 1219 1519 cst
1241 1474 1320 1538 sep-

87 1558 259 1642 .tuaginta
283 1556 486 1642 annorumlp,
510 1554 660 1617 domicilii
685 1573 725 1617 ex
744 1556 900 1637 rescripto
914 1556 1065 1638 principis
1079 1559 1220 1635 mutatio.
1240 1575 1319 1639 per-

117 1665 287 1741 petuumve
300 1656 430 1719 exilium
443 1654 478 1737 l).
512 1654 644 1736 Propter
658 1654 744 1719 litem
758 1661 862 1718 autem
878 1654 931 1718 vel
943 1659 1205 1735 controversiam,
1227 1675 1319 1739 quam

118 1776 188 1822 eum
210 1758 332 1840 pupillo
353 1757 405 1819 vel
427 1755 631 1819 adolescente
651 1756 756 1833 habet,
781 1759 929 1821 excusari
952 1760 1024 1838 quis
1038 1774 1102 1822 non
1118 1764 1234 1842 potest,
1256 1759 1317 1822 nisi

117 1858 160 1921 de
179 1859 320 1921 omnibus
346 1857 437 1920 bonis
459 1857 512 1920 vel
534 1857 574 1921 de
597 1857 775 1921 hereditate
797 1859 1015 1928 controversia
1035 1858 1128 1945 citt).

161 1962 192 2040 ᾗ.
203 1959 274 2024 262.
319 1961 377 2034 Qui
397 1960 459 2023 hoc
480 1961 571 2023 modo
595 1961 739 2023 excusari
761 1966 910 2041 possunt,
942 1961 1024 2025 intra
1045 1967 1167 2024 certum
1195 1965 1318 2042 tempus

118 2059 246 2143 legibus
270 2060 429 2123 delinitum
451 2062 663 2125 excusationis
688 2078 813 2124 causam
842 2061 925 2142 apud
947 2063 1163 2144 magistratum
1188 2078 1318 2142 compe-

119 2164 237 2223 tentem
260 2160 400 2243 proliteri
422 2167 453 2223 et
475 2161 610 2242 probare
623 2161 750 2238 debent,
776 2179 839 2242 quo
863 2161 945 2225 lacto
968 2161 1066 2225 tutela
1087 2160 1140 2224 vel
1155 2179 1230 2224 cura
1245 2162 1317 2224 exi-

114 2265 254 2324 muntur.
298 2260 359 2335 Qui
387 2261 496 2342 plures
527 2261 621 2325 habet
654 2265 875 2326 excusationes
906 2269 939 2326 et
969 2262 1009 2327 de
1038 2262 1224 2344 quibusdam
1255 2278 1319 2324 non

114 2362 311 2444 probaverit,
334 2361 404 2425 aliis
426 2363 471 2425 uti
494 2368 599 2444 potest
622 2365 703 2426 intra
724 2369 839 2427 statuta
861 2352 1051 2454 ternporal).
1084 2363 1194 2445 Neque
1215 2369 1316 2426 tamen

115 2464 172 2545 qui
193 2481 323 2526 munere
344 2465 405 2526 iam
421 2463 614 2547 .lunguntur,
642 2466 830 2546 exceptione
853 2464 907 2528 tali
930 2464 1043 2542 adlata,
1068 2464 1317 2543 ealiherantur;

115 2566 179 2628 nisi
200 2565 254 2645 qui
269 2563 454 2645 reipublice
468 2582 563 2628 causa
585 2565 708 2643 absunt,
731 2566 783 2628 vel
803 2564 996 2629 domicilium
1016 2583 1056 2629 ex
1076 2567 1226 2648 principis
1246 2583 1320 2629 res-

115 2667 217 2746 cripto
244 2670 382 2742 mutant,
415 2670 447 2727 et
473 2666 496 2728 ii
518 2668 573 2756 qui
596 2668 627 2729 in
658 2672 873 2749 paupertatem
894 2668 947 2730 vel
969 2667 1148 2750 graviorem
1177 2667 1318 2733 morbum

113 2765 318 2853 inciduntll).
341 2765 485 2847 Denique
497 2773 592 2844 tutor,
614 2769 714 2848 quise
726 2767 824 2832 tutela
843 2767 1128 2831 administraturum
1150 2769 1231 2848 patri
1252 2784 1316 2849 pu-

115 2866 186 2948 pilli
208 2868 369 2947 promisit,
404 2868 456 2932 vel
480 2869 513 2932 id
535 2869 619 2951 quod
642 2871 672 2933 ei
693 2870 778 2933 hunc
799 2871 832 2933 in
863 2869 955 2934 linem
984 2870 1017 2932 in
1044 2871 1229 2934 testamento
1260 2884 1317 2931 re-

116 2967 225 3030 lictum
247 2972 307 3045 est,
329 2970 461 3051 accepit,
485 2969 525 3034 ad
546 2971 781 3034 excusationem
802 2988 865 3033 non
886 2969 1071 3034 admittitur.

204 3142 272 3194 utu.
290 3141 337 3193 XI.
374 3143 423 3196 DE
443 3142 634 3198 suspectus
652 3143 859 3200 'I'UTORIBUS
876 3144 925 3197 ET
942 3142 1193 3233 ounuuossffltts
1205 3139 1245 3212 ¹¹).

158 3279 189 3358 ξ.
214 3275 287 3341 263.
330 3275 506 3341 Monuimus
530 3278 626 3359 paulo
648 3280 806 3361 superius,
826 3281 873 3363 (ξ.
887 3279 976 3366 236),
1001 3283 1121 3344 tutores
1145 3277 1314 3359 aliquando

116 3397 134 3440 a
157 3376 255 3455 tutela
276 3379 433 3440 removeri
456 3380 495 3441 ob
520 3379 553 3443 id
574 3379 659 3461 quod
682 3381 823 3461 suspecti
845 3381 906 3442 visi
934 3384 1018 3443 sunt.
1062 3379 1127 3444 lam
1149 3379 1182 3442 in
1207 3397 1246 3442 co
1269 3382 1318 3441 est

116 3483 153 3540 ut
176 3478 333 3541 curiosius
359 3477 399 3541 de
420 3481 537 3542 haere
559 3479 777 3563 dispiciamus.

159 3578 327 3642 Sciendum
350 3585 400 3642 est
426 3582 561 3660 suspecti
585 3583 704 3645 crimen
735 3600 775 3644 ex
802 3581 877 3665 lege
898 3605 942 3646 ru
964 3581 1149 3645 Tabularum
1177 3579 1316 3646 descen·
1392 3562 1398 3575 ’

116 3677 194 3742 dere
206 3676 260 3762 ¹²).
304 3679 477 3762 Suspectus
496 3683 644 3746 tutorvel
667 3688 794 3747 curator
813 3687 875 3759 est,
897 3682 1037 3764 quinon
1060 3680 1174 3746 exlide
1188 3679 1315 3744 tutelam
1372 3737 1378 3746 ,

117 3813 314 3822 -.-.-

151 3861 180 3929 1)
198 3865 242 3916 Fr.
262 3858 304 3914 17.
323 3862 347 3922 ἓ.
366 3860 392 3913 2.
412 3862 527 3915 ΠΜ.
562 3906 567 3919 .

150 3934 179 4000 2)
198 3936 242 3986 Fr.
260 3930 303 3985 15.
323 3932 346 3993 ἓ.
365 3931 391 3984 2.
409 3930 436 3985 4.
454 3934 486 3985 fr.
507 3933 575 4001 6.,6.
593 3933 637 3988 13.
653 3935 685 3986 ir.
702 3930 746 3987 44.
763 3950 802 4001 pr.
820 3934 854 3986 D.
873 3934 900 3986 h.
918 3938 937 3986 t.
956 3935 979 3996 §-
1000 3934 1041 3989 19.
1061 3934 1082 3986 I.
1101 3934 1129 3985 h.
1148 3938 1166 3984 t.

149 4005 179 4071 3)
199 4009 240 4057 Pr.
259 4005 280 4056 1.
298 4005 326 4056 h.
345 4010 364 4056 t.
481 4005 511 4071 4)
529 4006 553 4067 ἓ.
572 4005 597 4060 5.
616 4008 637 4058 1.
655 4007 692 4058 ib.
708 4007 740 4057 fr.
758 4005 784 4058 3.
802 4022 842 4072 pr.
860 4007 894 4057 D.
912 4006 975 4059 eod.
1083 4002 1112 4070 5)
1132 4003 1155 4065 6.
1173 4003 1216 4057 18.
1237 4006 1257 4056 1.
1276 4007 1313 4057 11).

151 4074 181 4202 g)
200 4076 224 4209 ξ
241 4072 318 4200 118.
336 4074 382 4197 13(i
398 4075 420 4126 1.
439 4075 503 4130 Μ.
618 4073 648 4143 7)
666 4077 710 4130 Fr.
727 4073 771 4130 45.
791 4076 817 4138 6.
834 4073 860 4130 3’.
879 4080 911 4130 fr.
931 4076 974 4131 29.
995 4078 1019 4139 §-
1038 4075 1063 4128 2.
1082 4079 1116 4129 D.
1135 4077 1199 4127 Μ.

217 4187 223 4200 .
261 4186 267 4199 .
302 4163 391 4199 .οο.

152 4146 181 4284 93
201 4218 224 4280 ἓ.
243 4218 287 4272 16.
309 4218 330 4270 I.
349 4219 376 4268 h.
399 4223 417 4270 t.
444 4221 477 4271 fr.
494 4217 537 4271 13.
559 4217 584 4280 ἓ.
602 4216 628 4271 8.
651 4221 684 4271 fr.
702 4215 745 4272 38.
768 4221 803 4271 D.
823 4219 888 4273 Μ.
924 4215 1046 4286 spanum
1070 4216 1196 4285 temporis
1221 4217 1249 4268 ln
1272 4217 1314 4270 his

115 4293 185 4344 loeis
207 4291 338 4343 definitur.

133 4359 180 4428 10)
201 4362 272 4414 Vide
289 4363 352 4414 loos
371 4360 400 4412 in
417 4359 498 4412 rsrils
515 4359 585 4412 notis
602 4358 656 4410 iam
676 4359 766 4412 citata.

134 4432 168 4486 11
199 4434 262 4486 Inst.
283 4431 309 4496 1,
328 4431 370 4485 26.
389 4432 423 4482 D.
440 4429 485 4495 26,
505 4427 546 4482 10.
568 4430 636 4484 eod.
654 4428 680 4492 ὃ,
696 4430 734 4485 43
751 4430 799 4499 (de
817 4431 948 4499 suspectis
966 4433 1044 4484 tutor.
1063 4432 1090 4482 st
1109 4425 1212 4494 curet).

134 4503 170 4558 12
200 4505 244 4556 Pr.
262 4503 283 4555 1.
301 4503 416 4556 Μίι.
437 4500 463 4555 1.
481 4500 505 4564 6.
524 4499 602 4554 21).
622 4499 684 4556 aod.
