2804 4966
533 281 613 318 uranu
633 283 651 322 1.
671 281 730 320 cur.
751 281 794 323 ru.
1227 271 1262 327 59

10 435 26 477 ι
54 414 198 479 eiusdem
220 415 375 494 potestate
400 416 448 472 est
461 409 500 496 1).
545 409 665 471 Pariter
686 409 795 489 capitis
820 409 1023 474 diminutione
1048 402 1179 476 maxima
1204 414 1256 477 vel

10 538 16 579 ι
55 517 159 580 media
181 514 279 596 patris
294 513 538 588 interveniente,
562 510 654 573 liberi
678 510 732 591 qui
746 510 804 571 sub
818 516 972 591 potestate
991 518 1091 591 erant,
1108 515 1158 577 sui
1176 515 1255 577 iuris

55 617 184 705 bunut).
229 616 262 679 si
286 621 388 676 tamen
411 611 466 674 ille
487 602 526 673 ab
549 611 693 674 hostibus
724 617 833 692 captus
857 611 964 688 fuerit,
990 620 1119 694 propter
1143 614 1258 695 postli-

55 722 146 784 minii
170 721 219 799 ius
241 717 340 797 patria
362 719 502 795 potestas
523 718 640 802 tanturn
662 714 694 774 in
715 729 870 793 suspenso
884 718 933 775 est
944 714 985 801 ⁸).
1019 715 1256 780 Interveniente

57 837 185 904 quoque
210 814 403 880 filiifamilias
426 815 536 894 capitis
550 813 757 876 diminutione
777 816 909 876 maxima
934 813 986 876 vel
1008 834 1133 898 magna,
1157 819 1267 900 patrio¹

56 926 198 1004 potestas
223 917 370 981 solvitur.

100 1026 130 1105 ς.
143 1021 214 1086 209.
258 1016 492 1080 filiusfamilias
506 1016 631 1093 deinde,
656 1017 710 1096 qui
723 1016 847 1096 patricii
861 1014 1044 1098 dignitatem
1067 1024 1256 1081 consecutus

57 1121 113 1185 vel
135 1121 303 1201 episcopus
326 1124 529 1181 consecratus
557 1123 615 1194 est,
646 1118 715 1198 ipso
739 1119 808 1179 iure
831 1136 847 1179 a
870 1119 969 1197 patria
993 1122 1149 1197 potestate
1171 1119 1257 1181 libe-

55 1229 155 1298 ratur,
179 1227 211 1284 et
232 1222 281 1282 sui
304 1221 382 1283 iuris
406 1237 478 1283 esse
498 1219 609 1300 incipit
630 1222 699 1281 sine
720 1219 829 1299 capitis
853 1218 1069 1281 diminutione.
1113 1217 1258 1300 Reliquae

55 1324 227 1409 dignitates
252 1321 481 1385 filiumfamilias
504 1340 521 1384 a
541 1321 637 1401 patris
660 1325 815 1401 potestate
837 1336 901 1382 non
923 1320 1062 1383 eximunt
1076 1318 1114 1400 4).
1235 1340 1239 1358 ·

101 1428 132 1509 ξ.
147 1423 220 1490 210.
264 1422 298 1484 ln
321 1441 444 1505 poenam
466 1440 593 1503 quoque
616 1422 714 1502 patris
731 1421 786 1484 lilii
807 1420 919 1485 filiaeve
935 1419 1121 1484 familiarum
1135 1421 1172 1483 ab
1189 1422 1257 1484 eius

53 1529 215 1609 potestate
237 1522 431 1598 liberantur,
463 1521 562 1584 veluti
593 1521 621 1582 si
651 1521 803 1603 peccandi
832 1521 1052 1597 necessitatem
1084 1521 1124 1585 iis
1154 1522 1257 1604 impo-

54 1627 167 1702 suerit,
190 1626 218 1687 si
244 1641 298 1686 eos
321 1623 504 1704 exposuerit
516 1621 556 1711 ⁶),
580 1623 630 1685 vel
653 1623 681 1686 si
705 1623 841 1685 incestas
867 1623 992 1703 nuptias
1015 1623 1207 1685 contraxerit
1217 1621 1255 1707 ὅ).

98 1727 231 1811 5211.
257 1723 402 1805 Denique
425 1725 671 1804 emancipatione
685 1722 833 1786 desinunt
854 1722 947 1786 liberi
959 1725 990 1786 in
1012 1729 1174 1805 parentum
1196 1742 1257 1804 po-

55 1833 174 1890 testate
205 1843 287 1888 erse.
343 1825 554 1906 Emancipatio
584 1831 652 1887 erat
684 1824 758 1887 olim
787 1807 978 1888 filiifamilias
1008 1824 1194 1906 mancipatio
1225 1830 1256 1888 et

57 1928 271 2005 manumissio,
295 1945 379 1990 nunc
398 1927 432 1989 fit
454 1933 507 1990 aut
527 1946 585 2009 per
608 1929 835 2010 magistratum,
862 1945 954 2009 quam
976 1927 1255 2007 emancipationem

57 2028 313 2116 Iustiniancaml)
333 2046 494 2106 vocamus,
517 2023 645 2110 vel'per
661 2031 811 2111 principis
834 2030 1023 2111 rescriptum
1048 2044 1138 2108 quam
1148 2027 1255 2089 Anas-

62 2130 212 2193 tasianam
226 2130 265 2216 ⁸),
287 2149 327 2193 ex
347 2130 512 2210 utriusque
533 2131 731 2211 imperatoris
757 2131 1043 2194 constitutionibus.
1089 2127 1128 2190 Ut
1151 2133 1254 2191 autem

59 2229 131 2293 fieri
154 2230 254 2311 possit
275 2231 492 2311 emancipatio,
513 2233 705 2313 requiritur,
735 2237 769 2294 ut
792 2237 822 2295 et
845 2237 935 2313 pater
958 2236 989 2292 et
1009 2229 1092 2291 tilius
1116 2247 1254 2292 consen-

55 2331 186 2418 tianttp.
229 2332 448 2418 Emancipatus
461 2331 543 2394 lilius
564 2334 665 2415 capite
677 2335 837 2410 minuitur,
861 2333 1022 2414 patrisque
1039 2333 1171 2412 eiusque
1192 2350 1253 2414 ag-

56 2438 200 2495 natorum
223 2437 355 2515 agnatus
381 2449 454 2495 csse
476 2433 602 2496 desinit.
646 2435 867 2516 Emancipatus
888 2435 920 2496 in
944 2430 1041 2515 patris
1067 2436 1252 2514 potestatem

10 2574 15 2617 ξ
54 2535 201 2595 revocari
226 2537 339 2613 potest,
363 2533 390 2595 si
415 2534 560 2617 ingratus
584 2534 689 2614 fuerit,
706 2536 769 2613 vel,
795 2537 822 2598 si
845 2541 953 2599 contra
976 2532 1252 2615 emancipationem

10 2675 15 2703 ;
54 2637 86 2697 in
111 2634 269 2716 integrum
290 2635 467 2697 restituitur
480 2634 532 2726 ¹⁰).

97 2735 127 2816 ξ.
142 2732 215 2797 212.
260 2732 405 2796 Ceterum
434 2754 473 2797 ex
500 2735 659 2816 praedictis
689 2741 835 2816 apparet,
867 2733 1099 2798 filiumfamilias
1123 2749 1251 2820 quoque

54 2853 94 2898 ex
116 2835 209 2896 unius
231 2839 387 2914 potestate
409 2836 441 2897 in
456 2835 588 2898 alterius
602 2841 788 2916 potestatem
800 2837 937 2899 transire
954 2851 1060 2916 posse,
1082 2852 1144 2917 quo
1168 2833 1250 2897 facto

53 2934 169 3016 prioris
192 2940 330 3015 potestas
364 2936 396 2998 iu
417 2935 483 2998 lilio
504 2936 661 3013 solvitur,
688 2936 789 2999 veluti
811 2939 849 2999 iu¹
863 2938 978 3018 plena,
1013 2953 1082 3016 quae
1105 2941 1249 3013 vocatur,

52 3033 232 3114 adoptione,
254 3034 306 3098 vel
328 3036 360 3098 in
381 3035 588 3119 adrogatione
603 3039 692 3116 eius,
718 3039 772 3118 qui
798 3038 917 3101 liberos
939 3037 997 3099 sub
1011 3042 1168 3118 potestate
1191 3037 1249 3098 ba-

50 3132 131 3211 buit,
156 3134 207 3196 vel
228 3136 257 3197 si
278 3138 346 3216 quis
373 3144 495 3201 mortuo
518 3158 577 3202 avo
599 3142 631 3202 in
654 3141 751 3220 patris
774 3146 959 3222 potestatem
981 3139 1105 3202 recidit.

141 3376 185 3426 Pr.
203 3377 224 3428 1.
242 3375 270 3429 h:
288 3383 306 3430 t.
326 3380 346 3430 l.
365 3376 390 3433 ὃ.
410 3382 442 3433 D.
463 3381 487 3434 1.
509 3381 526 3433 6
546 3378 592 3449 (de
611 3383 653 3437 his
670 3383 716 3451 qui
733 3381 805 3450 sub).
825 3383 885 3435 oar.
904 3381 971 3452 1.J§.
990 3376 1052 3434 127.

140 3446 198 3498 Gai.
220 3447 245 3499 1.
264 3449 286 3508 5.
308 3449 367 3504 128.
386 3450 448 3520 Ulp.
467 3450 510 3518 10,
523 3451 548 3505 3.
567 3452 590 3513 5.
608 3455 633 3506 1.
652 3456 673 3505 Ι.
694 3457 720 3506 h.
739 3460 757 3505 t.
773 3455 868 3508 necin
887 3471 954 3506 casu
971 3452 994 3513 5.
1014 3452 1039 3505 2.
1058 3451 1078 3503 Ι.
1098 3448 1159 3504 eod·

109 3514 197 3583 chi.
216 3519 241 3571 1.
262 3519 285 3580 5.
303 3521 363 3574 129.
384 3523 406 3582 5.
428 3521 452 3575 5.
472 3525 492 3575 1.
513 3523 574 3576 eod.
1114 3575 1116 3578 .

87 3585 117 3653 4)
135 3586 157 3645 §-
176 3588 201 3641 4.
220 3591 240 3642 1.
251 3591 277 3644 h.
289 3597 307 3643 t.
327 3609 350 3646 c.
360 3592 403 3646 66.
424 3595 490 3648 (lod.
505 3592 548 3659 10,
557 3594 590 3648 31
613 3592 659 3657 (de
680 3594 814 3647 decuriam.
828 3592 1042 3662 ribbodonem).
1062 3613 1084 3649 c.
1093 3594 1118 3649 5.
1137 3593 1248 3660 (1123

50 3659 99 3729 (de
116 3660 289 3728 consulibus).
309 3680 331 3716 c.
353 3665 394 3718 12.
417 3665 526 3730 (1.1,4
546 3665 593 3734 (de
612 3663 696 3735 epis).
717 3668 784 3718 Nor.
803 3665 846 3718 81.
867 3683 889 3718 c.
908 3668 932 3721 1.
952 3666 977 3720 3.

87 3729 117 3868 [ἐξ
137 3731 165 3855 ἓ
186 3731 210 3784 6.
226 3734 314 3858 1(12.11,
328 3733 368 3859 ὲθ
387 3735 433 3804 (de
452 3739 611 3805 spectaculis
627 3743 654 3791 et
673 3733 803 3804 scenicis).
824 3754 847 3789 c.
856 3737 881 3790 4.
900 3739 929 3791 0.
939 3738 964 3790 8.
975 3736 1017 3792 52.
1037 3739 1102 3792 Nor.
1112 3733 1171 3789 153.
1191 3736 1248 3789 ο.1.

164 3819 205 3856 or.
261 3823 308 3858 .u.
347 3847 353 3859 .

86 3871 115 3939 7)
135 3875 164 3927 C.
183 3875 208 3928 6.
233 3879 262 3929 0.
281 3877 306 3930 8.
325 3876 361 3931 47
385 3876 432 3946 (dc
461 3880 548 3947 patria
570 3876 687 3948 potest),
731 3879 799 3934 luris
822 3882 919 3934 veteris
943 3883 1019 3934 form.
1047 3881 1120 3949 apud
1144 3880 1203 3934 Gai.
1222 3881 1247 3934 1.
1287 3942 1290 3947 ,

49 3945 74 4005 5.
93 3944 242 4000 132-134.
261 3949 324 4015 Ulp.
343 3951 376 4002 X.
396 3950 420 4002 1.
1236 3967 1238 3971 '

87 4014 115 4081 8)
135 4018 163 4070 0.
182 4016 208 4070 5.
228 4020 256 4071 0.
276 4021 337 4072 eod.

87 4085 116 4151 9)
137 4087 160 4147 §-
179 4090 204 4142 2.
223 4088 266 4143 10.
285 4093 374 4144 I.h.t.
392 4095 423 4144 fr.
442 4090 485 4144 31.
503 4095 537 4144 D.
558 4088 617 4159 1‚‚7
635 4091 684 4162 (de
703 4093 794 4160 adopt.
814 4098 840 4145 et
860 4093 1010 4164 emanetp.).
1030 4111 1053 4146 c.
1066 4089 1090 4144 5.
1110 4091 1134 4144 6.
1154 4090 1245 4144 c.h.t.

47 4159 128 4209 Paul.
149 4161 210 4212 Rec.
230 4161 304 4215 Sent.
322 4163 355 4214 Il.
377 4160 418 4216 25.
440 4162 463 4221 5.
482 4160 506 4215 5.

68 4227 115 4295 10)
134 4231 177 4283 Fr.
197 4230 241 4285 37.
262 4234 284 4294 5.
304 4234 328 4286 1.
346 4237 379 4286 Ι).
398 4238 424 4286 h.
443 4240 462 4287 t.
