2798 4972
111 299 165 354 164
433 304 633 342 tttmrttrtom
654 304 728 343 tuam
746 305 849 344 nullm
868 306 992 344 ΡΙΠΑΤΙ.

107 440 210 500 rituro
232 434 384 498 heredem
407 435 567 514 exprimo
590 434 691 516 gradu
711 435 832 512 scribit,
855 434 908 497 vel
927 453 986 515 pro
1009 437 1069 498 hoe
1093 441 1325 499 testamentum

108 538 193 602 iacit.

149 638 265 722 §.sta
310 636 508 700 Substituere
531 635 730 715 pupillariter
752 634 842 698 solus
866 641 957 716 pater
986 637 1038 698 vel
1061 654 1142 698 avus
1165 643 1324 718 paternus

109 739 262 821 impuberi
286 755 345 800 suo
367 736 433 800 lilio
452 742 586 817 possunt
601 735 645 821 ¹),
679 753 738 797 nec
760 736 929 816 quidquam
951 737 1094 814 interest,
1117 744 1224 799 utrum
1249 757 1324 801 eum

109 838 258 902 heredem
281 839 447 900 instituant
470 855 507 898 an
532 836 727 898 exheredent
738 856 746 910 3
782 853 951 900 successor
983 839 1063 899 enim
1088 832 1130 898 'fit
1162 839 1323 903 eiusmodi

107 940 297 1002 substitutus
319 940 352 1000 in
375 938 536 999 universis
559 937 671 1018 pupilli
694 938 784 998 bonis
799 937 840 1022 ²).

149 1043 179 1124 ξ.
193 1041 265 1106 577.
311 1039 487 1120 Nepotibus
512 1044 642 1100 catenus
665 1043 781 1099 tantum
795 1037 989 1099 substituere
1001 1043 1106 1117 potest
1118 1056 1210 1119 avus,
1235 1059 1324 1120 qua-

106 1146 200 1202 tenus
226 1147 325 1203 morte
347 1157 403 1201 sua
429 1141 460 1200 in
484 1141 583 1219 patris
608 1140 658 1199 sui
673 1144 860 1218 potestatem
879 1140 1021 1200 recasuri
1036 1157 1099 1203 non
1117 1147 1201 1201 sunt.
1226 1139 1325 1204 Pater

106 1245 210 1303 autem
233 1257 295 1302 non
319 1240 410 1301 aliter
432 1244 538 1318 potest
559 1239 756 1300 substituere
777 1237 988 1319 pupillariter,
1012 1240 1074 1302 nisi
1096 1246 1128 1302 et
1142 1242 1204 1303 sibi
1219 1242 1324 1304 here-

108 1340 178 1403 dem
202 1340 346 1400 instituat
375 1343 561 1401 testamento
573 1341 622 1424 ³);
653 1346 683 1401 at
705 1340 749 1402 nil
771 1341 904 1402 interest
928 1340 1040 1403 eodem
1069 1347 1261 1410 testamento
1290 1349 1324 1404 ct

106 1439 234 1503 heredis
255 1440 409 1500 institutio
433 1444 465 1499 et
486 1438 651 1519 pupillaris
674 1439 856 1501 substitutio
882 1443 1114 1518 contineantur,
1138 1459 1181 1503 an
1201 1443 1237 1504 in
1260 1459 1322 1504 se-

108 1540 225 1623 paratis
248 1541 443 1600 testamentis
470 1536 500 1599 id
524 1537 596 1615 liat,
628 1540 659 1600 in
683 1558 745 1619 quo
770 1546 873 1602 tamen
895 1558 969 1603 casu
992 1547 1112 1621 patrem
1135 1543 1196 1604 sibi
1229 1544 1324 1623 prius

107 1639 257 1703 heredem
278 1638 452 1699 instituisse
474 1643 599 1718 oportet
610 1639 638 1723 ⁴)
650 1657 659 1712 ;
684 1641 826 1719 quamvis
851 1641 931 1701 onim
949 1659 1063 1703 revera
1080 1640 1144 1704 duo
1167 1644 1234 1704 sint
1250 1649 1324 1705 tes-

107 1744 260 1816 tamenta,
285 1739 382 1819 patris
406 1744 437 1799 et
460 1738 516 1800 lilii
542 1739 617 1823 (hoc
642 1757 659 1800 a
683 1747 771 1820 patre
796 1740 924 1820 quidem
950 1740 1099 1828 iactum),
1132 1743 1323 1807 substitutio

107 1848 212 1904 tamen
236 1840 326 1920 quasi
347 1857 419 1920 pars
441 1846 472 1901 et
495 1840 625 1919 sequela
646 1841 742 1920 patris
764 1844 941 1904 testamenti
963 1862 1004 1906 ex
1027 1846 1087 1906 hoc
1107 1863 1232 1909 omnem
1254 1847 1323 1909 vim

108 1948 141 2005 et
165 1940 310 2002 ellectum
332 1942 467 2021 accipit3
501 1940 599 2018 adeo,
631 1947 665 2002 ut
687 1943 713 2003 si
735 1944 834 2022 patris
863 1950 1082 2006 testamentum
1112 1963 1177 2008 uon
1202 1946 1322 2023 valcat,

107 2061 166 2106 nce
187 2042 243 2103 lilii
266 2042 391 2122 quidem
416 2042 524 2103 valere
546 2043 647 2121 possit
660 2042 698 2128 ⁶).

149 2141 264 2226 §.578
312 2142 520 2205 Substituitur
541 2147 645 2203 autem
666 2142 820 2222 impuberi
843 2143 894 2205 vel
928 2145 1109 2206 nominatim
1133 2145 1236 2208 veluti
1261 2147 1321 2210 Ti-

108 2249 189 2318 tius3
214 2249 268 2304 aut
290 2242 496 2325 generaliter,
519 2249 571 2321 ,ut
593 2244 737 2323 quisquis
758 2246 831 2306 mihi
854 2246 934 2325 patri
958 2244 1052 2307 heres
1077 2248 1176 2323 erit“,
1200 2249 1324 2328 quibus

111 2345 221 2408 verbis
253 2350 408 2406 vocantur
433 2362 473 2405 ex
494 2343 736 2419 substitutione,
760 2345 921 2424 impubere
944 2345 1010 2408 lilio
1040 2353 1183 2425 mortuo,
1208 2351 1265 2429 qui
1290 2357 1324 2412 et

107 2448 217 2528 scripti
245 2450 319 2507 sunt
344 2444 481 2507 heredes
505 2450 536 2505 et
562 2447 771 2521 exstiterunt,
804 2463 862 2525 pro
886 2462 946 2525 qua
970 2452 1058 2526 parte
1081 2447 1220 2510 heredes
1244 2448 1324 2512 lacti

105 2545 231 2632 sumti).
275 2544 351 2607 ltem
381 2543 432 2606 vel
457 2544 593 2624 singulis
624 2543 734 2606 liberis
765 2545 816 2606 vel
847 2546 869 2633 ii
902 2549 955 2625 qui
984 2564 1092 2609 eorum
1120 2551 1322 2612 novissimus

104 2646 249 2729 impubes
272 2647 424 2722 moritur,
459 2645 607 2706 substitui
636 2651 757 2725 potest,
789 2645 925 2727 singulis
948 2647 1073 2726 quidem
1105 2650 1131 2709 si
1158 2651 1320 2712 neminem

106 2765 217 2812 eorum
238 2748 420 2809 intestatum
443 2746 599 2808 decedere
624 2745 742 2807 voluit:
766 2746 956 2823 novissimo,
980 2749 1008 2808 si
1030 2749 1080 2809 ius
1101 2748 1321 2832 legitimarum

105 2848 315 2912 hereditatum
339 2847 422 2906 inter
445 2863 500 2908 eos
524 2847 682 2928 integrum
705 2863 836 2907 servare
858 2846 998 2909 voluerit
1010 2847 1045 2926 ⁷).

148 2952 179 3030 ξ.
195 2948 267 3013 579.
312 2944 392 3007 Dum
413 2951 502 3026 pater
531 2951 584 3007 aut
605 2945 806 3025 pupillariter
831 2951 885 3007 aut
905 2944 1083 3028 vulgariter
1107 2953 1228 3010 tantum
1250 2950 1320 3014 lilio

104 3048 293 3121 substituat,
327 3064 368 3107 ex
389 3047 612 3109 constitutione
634 3047 833 3126 Imperatoris
856 3045 953 3109 Marci
986 3052 1019 3109 et
1039 3047 1128 3111 Lucii
1152 3034 1229 3113 veri
1262 3053 1319 3114 iu-

103 3147 281 3211 troductum
304 3152 369 3208 est:
392 3153 427 3207 ut
449 3147 524 3208 licet
545 3149 577 3207 in
599 3145 733 3209 alterum
756 3145 847 3208 modo
867 3163 972 3208 casum
989 3153 1081 3228 pater
1098 3150 1318 3230 substituerit,

102 3250 136 3311 in
158 3252 326 3326 utrumque
350 3246 533 3308 substitutio
556 3245 770 3328 intelligatur,
805 3247 874 3308 sive
900 3245 983 3308 iilius
1004 3248 1099 3310 heres
1121 3267 1187 3311 non
1209 3239 1337 3314 exsti-'

102 3348 188 3424 terit,
214 3347 283 3409 sive
308 3351 465 3410 exstiterit
488 3353 520 3409 et
542 3347 685 3427 impubes
709 3347 895 3409 decesserit.
936 3346 1206 3420 Quemadmodum
1230 3353 1317 3416 enim

103 3449 192 3532 prior
216 3465 308 3510 casus
335 3446 573 3528 comprehendit
591 3443 743 3523 alterum,
768 3449 808 3508 ita
833 3446 991 3508 secundus
1019 3449 1242 3513 extendendus
1266 3458 1318 3513 est

101 3549 140 3613 ad
164 3549 307 3628 primum.
369 3546 466 3609 Aliud
501 3544 667 3608 dicendum
703 3547 730 3606 si
771 3546 926 3607 contraria
963 3548 1124 3611 testatoris
1161 3551 1315 3616 voluntas

103 3653 212 3729 aperta
233 3649 274 3710 sit
287 3648 326 3733 ⁸).

145 3751 176 3830 ἕ.
190 3746 262 3812 580.
306 3746 361 3808 Vis
387 3754 418 3809 et
442 3745 573 3808 ellectus
596 3744 761 3826 pupillaris
785 3745 1019 3810 substitutionis
1044 3755 1104 3826 est,
1127 3757 1163 3811 ut
1184 3753 1214 3814 si
1229 3754 1316 3816 intra

102 3848 300 3930 pubertatem
324 3845 500 3909 decesserit
521 3846 622 3922 tilius,
655 3845 844 3906 substitutus
877 3846 972 3908 heres
1003 3848 1075 3925 liat,
1106 3856 1138 3912 et
1170 3853 1316 3915 intestati

102 3948 339 4012 successionem
362 3947 519 4010 excludat.
563 3946 674 4025 Neque
698 3945 820 4022 solum,
854 3963 924 4026 quae
948 3948 1088 4029 pupillus
1117 3967 1158 4012 ex
1180 3958 1314 4033 paterna

103 4106 302 4118 --.

134 4188 163 4255 1)
182 4187 205 4248 §-
224 4185 248 4240 5.
270 4189 291 4239 Ι.
310 4188 348 4240 ib.
366 4191 398 4240 ir.
417 4186 442 4239 2.
461 4191 494 4242 D.
512 4191 540 4241 h.
557 4194 576 4241 t.
650 4188 678 4254 2)
698 4188 721 4249 ἓ.
740 4187 766 4241 4.
785 4192 805 4243 Ι.
825 4192 863 4242 ib.
881 4195 912 4243 ir.
933 4189 957 4243 1.
977 4193 1003 4246 2.
1021 4197 1054 4247 fr.
1067 4193 1110 4249 10.
1132 4198 1156 4259 ἓ.
1175 4197 1201 4252 5.
1221 4203 1256 4255 D.
1277 4204 1313 4256 ib.

135 4256 163 4327 3)
182 4262 225 4311 Fr.
245 4257 269 4310 1.
289 4257 312 4318 ἓ.
333 4258 358 4311 3.
375 4262 408 4310 D.
430 4262 467 4311 ib.
565 4259 595 4336 4)
614 4260 658 4313 Fr.
678 4259 721 4312 20.
741 4278 781 4328 pr.
801 4261 824 4321 §-
842 4265 873 4314 fr.
892 4261 917 4315 2.
932 4258 1000 4323 ’5.4.
1021 4262 1047 4318 7.
1065 4269 1100 4319 Ι).
1118 4269 1157 4322 ib.

135 4327 417 4394 &bachhi
517 4329 758 4396 fflbZLha
860 4331 1107 4400 thhmd

135 4395 164 4465 8)
183 4402 225 4452 Fr.
243 4397 269 4452 4.
290 4402 324 4450 D.
342 4401 368 4453 h.
386 4408 404 4454 t.
424 4419 446 4454 o.
463 4400 490 4454 4.
510 4403 539 4455 (l.
553 4404 614 4456 eod.
631 4406 663 4456 ir.
681 4401 725 4456 42.
744 4406 778 4454 D.
786 4403 829 4469 29,
848 4403 865 4456 2
887 4403 935 4473 (da
954 4411 1078 4463 arelo.
1098 4408 1148 4479 h).
1166 4430 1208 4481 pr.
1219 4415 1243 4468 1.
1253 4415 1281 4467 lr.
1292 4420 1311 4467 t.

100 4468 193 4523 Oloero
215 4471 250 4524 de
268 4476 375 4525 oratore
393 4473 413 4525 I.
430 4471 474 4528 39.
494 4474 527 4526 ΙΙ.
545 4472 663 4544 3220ir.
683 4493 708 4528 c.
732 4474 879 4544 Vcnperoao
898 4475 923 4536 b.
941 4475 1004 4531 451.
