2804 4966
570 304 652 342 urm
663 304 703 342 ιι.
723 303 782 342 car.
793 305 836 344 ιιι.
1186 353 1189 356 ,
1253 296 1306 353 347

105 441 160 498 aut
190 431 450 514 recuperandam.
501 431 578 504 (lue
612 450 690 494 vero
723 431 934 513 adipiscendae
965 434 1179 514 possessionis
1212 453 1307 499 causa

105 540 285 617 comparata
309 537 392 610 sunt,
414 548 517 612 neque
539 535 744 613 possessione
765 536 909 595 nituntur
927 552 1032 616 neque
1051 534 1090 598 ad
1112 538 1209 616 ipsam
1229 553 1307 617 pos-

104 638 283 701 sessionem
308 634 507 698 obtinendam
531 632 584 696 vel
607 632 751 696 tuendam
774 635 1002 711 conceduntur,
1024 653 1094 697 cum
1111 639 1229 716 saepius
1243 655 1308 700 non

105 738 169 800 nisi
188 736 363 798 naturalem
388 736 623 815 possessionem
644 737 682 798 iis
705 736 838 816 adipisci
860 738 1017 816 possimus
1032 739 1070 823 ¹).

147 841 179 920 ξ.
193 837 287 902 1222.
334 837 504 901 Interdicis
526 835 699 899 retinendae
724 838 937 917 possessionis
960 854 1053 899 causa
1076 841 1255 917 comparata
1277 841 1307 899 ei

104 941 239 1016 dantur,
271 940 325 1018 qui
348 955 407 1000 neo
429 939 461 999 vi
491 955 551 999 neo
582 937 659 999 olam
692 956 750 1000 nec
779 940 923 1018 precario
956 938 994 1000 ab
1024 938 1124 1000 altero
1152 937 1306 1018 possidet,

105 1045 217 1102 contra
240 1056 328 1114 eum,
360 1056 418 1118 per
440 1055 531 1115 quem
555 1038 717 1117 possessio
739 1038 861 1099 turbata
888 1055 992 1118 neque
1015 1023 1215 1100 vero'ablatu
1246 1044 1305 1115 est,
1339 1027 1341 1033 ’

104 1147 160 1204 aut
191 1141 246 1219 qui
281 1140 343 1200 vim
372 1139 543 1200 minitatur.
603 1136 747 1218 Denique
783 1143 846 1200 tum
879 1156 1017 1219 quoque,
1039 1139 1142 1200 locum
1177 1137 1304 1215 babent,

105 1257 177 1303 cum
200 1240 283 1301 inter
306 1237 430 1317 aliquos
452 1238 491 1300 ab
520 1243 655 1317 utraque
686 1243 776 1318 parte
802 1237 842 1300 de
871 1239 1064 1319 proprietate
1096 1237 1228 1301 alicuius
1257 1239 1306 1302 rei

104 1340 324 1405 controversia
347 1344 406 1414 est,
432 1344 463 1400 et
483 1345 555 1401 ante
576 1341 747 1420 queritur:
768 1345 839 1402 uter
853 1359 892 1402 ox
907 1341 1121 1424 litigatoribus
1136 1338 1302 1421 possidere

107 1447 141 1504 et
160 1445 233 1502 uter
257 1445 367 1518 petere
389 1439 503 1501 debeat
515 1439 553 1525 ²).

148 1545 179 1624 ξ.
196 1539 288 1604 1223.
333 1539 515 1602 Retinendae
537 1542 750 1620 possessionis
779 1558 872 1604 causa
896 1548 1071 1623 comparata
1101 1547 1174 1605 sunt
1203 1541 1305 1604 inter-

105 1643 188 1705 dicta
211 1642 257 1702 uti
278 1639 440 1720 possidetis
463 1647 494 1704 et
514 1640 629 1703 utrobi.
662 1641 701 1703 Et
717 1641 842 1720 quidem
858 1644 903 1704 uti
920 1644 1090 1723 possidetis
1105 1643 1305 1706 interdictum

105 1743 145 1807 de
168 1741 258 1805 fundi
281 1741 333 1802 vel
359 1741 470 1804 edium
494 1743 697 1820 possessione
719 1741 862 1804 redditur
890 1748 985 1822 atque
1008 1743 1056 1805 bis
1079 1743 1174 1806 edicti
1197 1743 1304 1808 verbis

104 1847 311 1908 constitutum
331 1848 397 1917 est3
420 1841 545 1902 sticum
557 1840 685 1921 [cadom
709 1842 886 1930 (essedas)
908 1859 968 1922 qao
990 1841 1125 1930 (quibos)
1149 1842 1186 1904 de
1200 1843 1304 1921 codor

105 1968 202 2009 seraa
226 1968 263 2008 sa
287 1967 405 2008 sarano
426 1960 483 2005 sao
503 1944 546 2017 oi,
569 1962 627 2006 nac
648 1944 737 2019 elom,
759 1961 816 2006 nec
831 1946 976 2025 precario
986 1944 1160 2024 possidetis,
1184 1945 1303 2024 quomi-

103 2062 163 2106 nus
186 2043 233 2105 ito
251 2043 453 2123 possideatis,
478 2046 538 2105 eim
557 2046 627 2124 fieri
647 2049 769 2133 calci).
814 2046 880 2109 lloc
902 2045 1101 2110 interdictum
1130 2046 1245 2126 duplex
1270 2051 1303 2109 et

103 2146 217 2208 annale
242 2150 291 2207 est
302 2145 341 2228 4).

144 2251 177 2328 g.
190 2246 283 2310 1224.
328 2245 375 2310 De
390 2246 486 2310 rebus
506 2247 673 2310 mobilibus
689 2249 731 2310 ita
751 2247 869 2310 Praetor
887 2246 1003 2309 edixit:
1026 2269 1139 2310 aarum
1151 2246 1201 2308 bic
1213 2246 1301 2310 bomo

105 2363 167 2426 poc
190 2346 368 2426 (tespites,
400 2346 516 2408 maiore
543 2354 635 2426 porte
655 2347 781 2410 huiusce
803 2347 878 2408 onai
895 2346 975 2426 fuit,
1007 2346 1166 2425 pannosos
1185 2345 1214 2408 ia
1235 2365 1303 2409 eam

109 2447 215 2525 ducat,
238 2430 299 2508 eins
311 2446 380 2526 fieri
402 2449 518 2528 estol).
549 2447 728 2512 Novissima
749 2450 818 2510 iure
840 2464 967 2510 romano
989 2453 1077 2510 actor
1099 2448 1131 2509 in
1153 2449 1222 2528 ipso
1235 2448 1300 2512 litis

102 2552 254 2631 ingressu
275 2566 341 2610 rem
362 2548 523 2629 possideat
545 2555 670 2629 oportet
678 2569 687 2623 3
713 2549 796 2628 quod
819 2549 978 2611 anteriore
1001 2549 1070 2610 iure
1086 2553 1301 2615 necessarium

103 2667 167 2711 non
190 2647 307 2733 erati).
354 2648 527 2726 Utriusque
548 2649 706 2712 interdicti
729 2654 880 2731 potestas,
903 2654 1051 2729 quantum
1065 2651 1103 2713 ad
1117 2654 1300 2732 possessio-

102 2768 175 2811 nem
200 2751 330 2825 attinet,
365 2755 528 2829 exaequata
553 2755 611 2812 est.
655 2749 722 2813 Hoc
751 2766 877 2830 quoque
906 2749 1105 2813 interdictum
1130 2750 1248 2833 duplex
1270 2758 1302 2816 et

102 2848 217 2912 annale
238 2855 297 2911 est.

80 2941 96 2958 “
145 2953 175 3032 §.
190 2950 282 3017 1225.
327 2950 560 3030 Recuperandae
582 2951 794 3030 possessionis
817 2967 910 3013 causa
931 2949 1097 3013 interdicta
1117 2951 1147 3014 ei
1168 2965 1300 3031 compc-

100 3056 183 3128 tunt,
207 3053 258 3112 cui
282 3052 442 3131 possessio
465 3052 580 3113 iniuste
602 3049 704 3114 ablata
727 3056 776 3112 est
797 3052 818 3112 i.
842 3069 871 3114 e.
897 3054 940 3129 ri,
963 3051 1041 3114 olam
1069 3058 1122 3115 aut
1144 3054 1298 3133 precario.

100 3151 251 3230 Spectant
282 3170 318 3212 ea
350 3152 545 3231 potissimum
575 3151 611 3212 ad
635 3151 774 3231 predia,
806 3170 875 3213 cum
898 3153 938 3215 de
959 3153 1055 3215 rebus
1078 3153 1245 3216 mobilibus
1269 3154 1300 3213 vi

100 3251 155 3312 vel
179 3251 256 3313 clam
278 3250 447 3330 subreptis,
472 3250 542 3313 aliis
565 3251 739 3313 actionibus
760 3253 807 3312 uti
829 3251 924 3315 liceat
932 3272 940 3328 3
967 3253 1133 3315 interdicta
1147 3253 1298 3315 hicrele-

98 3352 198 3414 rende
224 3358 378 3416 vocantur
400 3375 481 3414 usna
502 3375 534 3416 vr
557 3358 589 3413 et
611 3376 647 3414 oa
669 3376 828 3416 anscauso.

142 3453 172 3534 g.
188 3451 279 3514 1226.
325 3452 404 3515 Olim
432 3452 549 3533 duplex
577 3447 616 3515 d'e
645 3455 676 3515 vi
705 3458 772 3516 erat
803 3452 1021 3529 interdictum,
1052 3451 1175 3515 scilicet
1204 3450 1243 3515 de
1266 3453 1297 3515 vi

100 3552 282 3631 quotidiana
316 3559 347 3614 et
376 3553 415 3615 de
438 3556 470 3614 ui
494 3561 627 3629 armata3
661 3554 848 3629 novissime,
879 3569 973 3615 unum
1004 3552 1199 3616 solummodo
1219 3553 1297 3615 'dari

95 3679 299 3695 ——————-

139 3761 170 3829 1)
189 3781 213 3815 o.
234 3765 365 3831 Socim,
384 3767 478 3817 Recito
499 3763 522 3824 ἓ.
542 3763 585 3816 36.
624 3765 727 3832 Moyses
745 3766 765 3816 1.
783 3768 807 3828 ἓ.
831 3760 890 3815 174.
913 3758 972 3814 175.

135 3834 163 3899 2)
185 3835 244 3886 Gal.
263 3834 289 3886 4.
311 3834 334 3893 ἓ.
354 3835 414 3887 148.
434 3835 458 3894 §-
476 3835 501 3888 4.
522 3836 542 3887 1.
562 3837 588 3888 h.
607 3841 626 3887 t.
667 3837 860 3902 Vonperowa'os
877 3851 932 3886 non
949 3833 1001 3885 nisi
1019 3832 1091 3883 huno
1110 3829 1148 3880 ad
1164 3830 1243 3882 ιἰιιοιιι
1263 3843 1297 3881 ee

95 3905 239 3957 interdicta
263 3906 416 3958 introducta
440 3909 536 3972 luisse,
562 3909 700 3959 contendit
728 3909 746 3958 l.
768 3906 790 3966 §-
810 3905 870 3959 336.
917 3907 1078 3971 Impugnant
1101 3917 1163 3954 eum
1181 3899 1294 3964 Arbelis,

95 3977 242 4029 Lebrtoeb
263 3980 312 4028 der
330 3979 495 4031 Pondeeten
515 3983 537 4038 ς’.
558 3977 617 4031 171.
638 3985 664 4030 et
686 3979 790 4046 Mopso
807 3977 831 4036 §-
851 3974 911 4031 176.

134 4046 162 4112 3)
181 4050 241 4114 Dig.
260 4046 304 4109 43,
325 4046 357 4099 17
376 4046 424 4114 (uti
445 4048 606 4116 possidetis).
627 4049 731 4113 uode,
749 4049 774 4101 6.
793 4050 886 4102 Verbo
905 4049 1006 4100 habant
1024 4043 1091 4098 inl.
1110 4042 1133 4104 b.
1146 4044 1171 4098 1.
1191 4044 1226 4094 Ι).
1243 4043 1295 4095 hoc
1375 4067 1384 4081 ι

96 4119 137 4169 tit.
157 4124 184 4168 et
204 4120 302 4170 Festos
320 4121 352 4171 V.
372 4129 517 4172 rossxssro.
552 4122 610 4173 Gai.
629 4120 655 4173 4.
675 4121 700 4184 ἓ.
714 4119 871 4174 ras-150.
895 4118 920 4180 §-
937 4116 963 4172 4.
988 4117 1008 4170 1.
1028 4119 1054 4170 h.
1072 4122 1091 4170 t.
1120 4117 1195 4169 Paul·
1215 4115 1248 4165 V·
1266 4112 1293 4165 6·

97 4189 123 4248 §-
142 4190 167 4241 1.
204 4208 228 4242 o.
248 4192 368 4258 Sooa'yny
386 4190 409 4252 5.
429 4188 552 4245 37.-39.

131 4257 161 4325 4)
181 4260 224 4311 Fr.
246 4260 271 4313 1.
289 4278 328 4327 pr.
348 4265 381 4313 D.
400 4261 445 4326 43,
465 4260 499 4315 17
518 4261 569 4329 (tit.
589 4258 654 4328 cit).
738 4302 741 4307 .

118 4329 168 4462 db}
181 4333 241 4453 11113.
256 4330 356 4454 ἰ4ῤ3,·31
375 4331 496 4400 (utrubi).
519 4334 543 4395 §-
561 4331 587 4386 4.
614 4333 633 4386 1.
653 4334 717 4385 ne
748 4333 808 4386 Gai.
826 4330 852 4384 4.
876 4333 901 4394 5.
921 4332 980 4387 151.
1001 4333 1133 4402 precipue
1151 4327 1294 4395 Theophil.
1314 4378 1322 4388 ,

96 4417 116 4452 ιι
170 4439 177 4454 .
214 4410 283 4455 .at.
1129 4446 1138 4455 .

134 4468 162 4538 6)
181 4470 206 4533 a.
224 4472 251 4526 4.
271 4475 291 4526 1.
311 4475 354 4526 cit
390 4492 414 4527 a.
434 4472 661 4543 8411941340.
681 4473 827 4542 nopot-
847 4470 908 4528 176.
