2804 4966
415 269 614 308 ΙΙΙῖΙῖῦῐΙΟΙΙΙ
636 269 710 307 ml!
730 269 833 307 ΙθΙΑΙΙ
851 269 978 308 natvm.

630 415 696 480 ddi.
716 416 757 478 ll.

429 564 491 633 uu
513 563 692 633 aarum
710 563 768 631 un
789 564 911 635 oum
925 568 962 655 ι).

510 721 578 773 Tru.
597 722 617 772 1.
654 722 702 773 DE
723 721 876 774 TUTBLA.

139 862 169 943 §-
182 859 253 924 213.
298 858 476 920 Translmus
502 873 583 917 nune
607 856 644 919 ad
658 855 749 919 aliam
765 874 972 938 personarum
997 858 1222 927 divisionem:
1241 879 1283 924 nu

98 980 139 1025 ex
158 961 208 1024 bis
233 959 394 1042 personis,
414 957 528 1039 quein
550 962 706 1037 potestate
722 975 783 1020 non
806 962 891 1035 sunt,
913 958 1067 1038 quaedam
1085 960 1145 1025 vel
1163 964 1198 1029 in
1217 961 1284 1027 tuteb

96 1068 180 1140 sunt,
204 1059 256 1123 vel
279 1062 310 1123 in
337 1058 498 1121 curatione
507 1077 515 1132 ;
540 1057 680 1138 quadam
704 1063 815 1121 neutro
839 1060 909 1121 iure
931 1063 1106 1124 tenentur.
1143 1063 1284 1131 Viderunt

95 1165 194 1247 igitur
218 1161 258 1225 de
281 1159 348 1235 his,
377 1175 446 1239 quae
469 1160 500 1219 in
524 1156 619 1219 tutela
641 1156 692 1219 vel
717 1159 748 1221 in
772 1159 934 1221 curatione
954 1165 1053 1223 sunt:
1085 1162 1133 1227 ita
1159 1166 1284 1231 enimin

97 1262 269 1345 telligimus
293 1265 421 1321 caeteras
444 1277 607 1339 personas,
633 1276 702 1339 quae
725 1265 837 1322 neutro
860 1260 929 1325 iure
954 1265 1128 1329 tenentur.

138 1361 197 1434 Qui
219 1361 270 1421 sui
289 1360 368 1421 iuris
391 1366 479 1437 sunt,
504 1366 633 1441 propter
655 1366 776 1423 aetatem
799 1380 876 1424 vero
905 1359 957 1423 vel
988 1366 1115 1429 mentis
1140 1366 1285 1441 detecttun

95 1461 228 1524 aliamve
251 1461 290 1523 ob
311 1478 434 1523 causam
457 1463 553 1524 rebus
578 1465 644 1524 suis
666 1481 802 1544 praecsse
824 1463 1061 1545 impediuntur,
1104 1446 1232 1532 tutores
1253 1471 1285 1533 ut

96 1566 260 1624 curatores
283 1562 399 1624 babere
420 1562 534 1640 solent,
559 1570 705 1644 tanquam
728 1564 913 1627 defensores
936 1570 967 1626 et
990 1566 1139 1631 tuitores
1167 1582 1285 1651 persam

98 1679 164 1725 suae
184 1682 220 1724 ac
240 1663 407 1740 bonorum,
438 1663 513 1748 lege
534 1670 565 1726 et
589 1666 657 1726 iure
688 1667 886 1728 constitutos.
937 1664 1060 1729 Tutelae
1100 1674 1136 1731 et
1166 1668 1285 1735 cureir

98 1763 244 1846 plurimis
265 1765 412 1843 diversa,
450 1769 480 1828 in
512 1765 617 1829 multis
651 1784 728 1828 vero
759 1765 867 1829 eadem
894 1771 942 1828 est
970 1769 1074 1842 rati03
1114 1774 1286 1853 quapropter

98 1865 137 1927 de
162 1871 294 1947 utraque
314 1867 445 1948 primum
470 1865 664 1951 singulatim,
688 1865 801 1929 deinde
825 1868 864 1930 de
885 1867 945 1944 bis,
967 1883 1040 1949 quae
1061 1870 1205 1955 utrique
1224 1888 1285 1934 com
1316 1948 1319 1953 Ι

100 1968 202 2030 munia
228 1973 310 2044 sunt,
333 1967 424 2029 simul
449 1969 662 2049 dispiciemus.

142 2071 171 2151 ς.
186 2067 257 2132 214.
301 2069 528 2149 Antiquissima
560 2071 628 2130 iure
661 2068 746 2130 civili
768 2066 975 2130 Romanorum
1007 2071 1156 2135 masculi
1190 2071 1286 2155 quiden

99 2168 277 2249 impuberes
300 2176 429 2250 propter
448 2172 545 2233 aetatis
569 2169 787 2247 infirmitatem,
812 2169 933 2232 leminae
956 2187 1036 2231 vero
1056 2172 1163 2239 etiam
1177 2176 1286 2258 pubere

100 2273 131 2330 et
152 2275 282 2350 propter
309 2287 405 2331 sexus
436 2269 644 2333 infirmitatem
668 2277 699 2332 et
724 2275 853 2351 propter
876 2268 1050 2331 forensium
1079 2291 1201 2338 rerum
1221 2277 1288 2359 ique

99 2371 229 2432 rantiam
253 2377 343 2433 erant
374 2373 405 2433 in
433 2370 549 2446 tutela3
588 2374 676 2433 cuius
708 2373 799 2455 origo
829 2377 860 2433 et
882 2388 957 2431 vera
981 2369 1115 2435 indoles
1145 2363 1190 2439 ex
1214 2370 1287 2438 veteri

98 2469 284 2532 familiarum
307 2473 514 2554 gentiumque
536 2489 620 2533 nexu
642 2471 823 2552 repetendae
844 2476 927 2532 sunt.
980 2468 1059 2532 Cum
1093 2478 1189 2543 enirn
1213 2478 1288 2559 impu-

99 2564 208 2636 berum
240 2573 488 2659 feminarumque
514 2589 657 2653 persone
686 2574 717 2633 in
748 2571 885 2654 negotiis
908 2571 986 2633 iuris
1012 2571 1130 2636 civilis
1161 2574 1288 2663 gerendis

99 2692 156 2755 pro
189 2674 380 2754 imperfectis
410 2673 623 2750 haberentur,
655 2674 824 2756 agnatione
847 2678 899 2734 eut
929 2676 1025 2754 gente
1047 2677 1229 2753 proximus
1248 2673 1289 2745 illl

99 2774 263 2848 accedere,
283 2774 532 2855 auctoritateque
552 2792 608 2836 sua
622 2791 729 2836 eorum
743 2790 896 2854 personas
912 2771 1002 2853 quasi
1016 2774 1186 2855 supplere
1212 2784 1243 2841 et
1257 2778 1290 2838 in-

97 2881 226 2959 tegrare
248 2875 392 2939 debebat.
438 2875 577 2956 Cumque
602 2880 786 2958 agnatorum
805 2872 856 2934 vel
880 2871 1046 2957 gentilium
1060 2872 1105 2962 ²),
1130 2896 1152 2939 a
1178 2871 1291 2965 legend

97 2982 221 3044 illorum
243 2977 402 3040 hereditas
423 2983 626 3054 vocatorum,
656 2981 843 3052 interesset,
876 2975 957 3037 bona
992 2975 1201 3055 pupillorum
1226 2980 1292 3042 reeb

98 3080 307 3144 administrari
316 3098 325 3153 ;
357 3077 484 3140 tutelam
505 3078 584 3140 hanc
608 3083 639 3140 et·
660 3080 800 3158 ipsorum
822 3092 915 3138 causa
939 3075 1174 3157 constitutam,
1200 3100 1239 3144 eo
1257 3079 1291 3143 lu·

101 3183 226 3245 bentius
256 3181 515 3267 susceperuntt).
569 3179 739 3241 Curatores
772 3179 863 3240 bonis
895 3183 1013 3239 tantum
1041 3176 1282 3243 administrant·

102 3283 271 3359 dabantur,
298 3282 443 3362 personis
466 3283 536 3343 iure
559 3281 685 3361 quidem
707 3280 891 3360 capacibus,
926 3278 982 3340 sed
1018 3276 1104 3340 sacto
1130 3280 1292 3363 impeditis,

103 3386 268 3467 quominus
292 3383 388 3445 rebus
420 3383 486 3444 suis
510 3387 694 3462 preessent.
749 3381 826 3454 Quae
859 3380 986 3442 diversa
1017 3378 1199 3461 utriusque
1232 3378 1311 3453 iuris,

105 3483 249 3560 indoles,
272 3484 415 3563 quamvis
444 3483 583 3544 moribus
610 3489 640 3545 et
671 3483 796 3565 legibus
827 3481 909 3562 apud
943 3480 1098 3542 Romanos
1136 3481 1294 3562 plurimun

102 3589 333 3660 immutaretur,
367 3588 500 3647 attamen
532 3585 564 3646 in
593 3583 699 3646 multis
729 3586 820 3645 etiam
851 3581 1013 3644 novissimi
1043 3580 1127 3641 iuris
1160 3579 1294 3646 articam

104 3688 306 3768 conspicitur.

143 3793 171 3872 ξ.
181 3787 252 3853 215.
296 3786 450 3848 Definitur
476 3786 573 3877 tutela
598 3787 646 3846 vis
669 3790 763 3865 atque
780 3789 918 3864 potestas
941 3784 972 3844 in
996 3781 1098 3862 capite
1123 3781 1249 3864 libero,
1267 3778 1294 3846 ad

103 3950 300 3957 ——..-—..-

137 4029 164 4097 1)
185 4032 248 4084 Inst.
273 4031 319 4081 lib.
339 4030 363 4082 1.
387 4032 424 4082 tit.
447 4029 559 4083 13-26.
592 4033 652 4098 Dig.
677 4033 723 4084 lib.
745 4029 787 4083 26.
807 4035 833 4082 et
849 4026 891 4082 27.
917 4029 983 4083 cod.
1003 4029 1049 4080 lib.
1070 4027 1095 4080 5.
1124 4032 1235 4087 tte-28.
1253 4049 1295 4099 seq.

103 4102 165 4155 Gai.
187 4103 211 4156 1.
234 4100 417 4162 §.ret-200.
454 4102 516 4168 Ulp.
535 4103 574 4154 tit.
592 4104 636 4156 11.
658 4109 684 4155 et
703 4104 745 4155 12.

135 4173 163 4240 2)
180 4175 243 4240 Uip.
262 4175 308 4224 XI.
328 4173 351 4224 1.
389 4176 449 4225 Non
470 4173 559 4237 video,
578 4190 630 4242 qua
648 4177 751 4226 ratione
770 4173 907 4240 gentilium
927 4173 1011 4222 tutela
1029 4172 1126 4238 negent
1147 4178 1246 4241 possit.

133 4244 161 4310 3)
181 4246 322 4314 Sequimur
339 4244 443 4297 Lcabre‘e'
456 4243 604 4298 Giessensis
624 4246 658 4296 de
676 4248 764 4297 tutelae
784 4246 886 4296 ratione
907 4244 1056 4295 doctrinam
1067 4243 1129 4294 (teil
1153 4246 1292 4301 Institutio·

95 4319 174 4370 nibus
193 4319 299 4369 mirifice
324 4317 525 4382 comprobatam
548 4318 683 4384 hodieque
708 4319 741 4367 ab
764 4317 888 4367 omnibus
904 4316 968 4366 iuris
988 4314 1092 4364 romani
1103 4316 1293 4386 interpretibus

96 4395 237 4456 receptam.
280 4389 342 4438 Vid.
360 4405 383 4439 a.
409 4387 504 4448 Labe,
537 4386 668 4454 ancsin
688 4391 740 4454 fltr
768 4387 877 4454 Geeeep.
904 4388 964 4439 und
989 4386 1293 4458 Recbtawiasenecbofb

96 4465 157 4511 tom.
176 4459 201 4513 3.
219 4478 245 4526 p.
265 4454 416 4510 407-477.
455 4457 515 4508 viat.
535 4461 565 4510 fr.
585 4461 609 4513 1.
628 4475 667 4526 pr.
687 4461 719 4510 D.
740 4457 782 4522 26,
800 4456 826 4510 4.
866 4458 924 4512 Gai.
947 4458 971 4510 1.
993 4455 1016 4516 §-
1034 4455 1095 4510 192.
