2804 4966
139 281 194 338 200
465 283 668 326 rrarrrurrorun
687 283 762 323 ruere
780 281 884 323 acuam
902 279 1023 318 aarum.
1045 278 1050 285 ·

136 439 190 487 res
211 423 325 484 iterum
347 421 437 483 nohis
458 419 564 502 legata
586 421 751 499 appareat,
780 416 862 480 lortc
885 417 1017 497 prolatis
1047 416 1220 481 codicillis.
1264 418 1333 482 Tun

139 523 343 586 nihilominus
368 519 524 583 vindicari
547 523 651 599 potest
662 520 702 605 1).

182 645 213 726 ξ.
230 639 300 707 704.
345 640 492 714 Quamvis
517 645 620 703 autern
647 638 787 721 legatum
810 637 862 699 die
889 638 1023 700 cedente
1053 636 1212 720 legatario
1235 640 1341 720 acqui-

140 749 239 821 ratur,
266 747 368 805 tamen
390 759 449 804 nec
474 742 577 802 statim
601 739 665 821 pcti
682 743 797 820 potest,
820 756 878 800 nec
894 738 942 800 rei
959 736 1072 820 legatae
1086 737 1258 801 dominium
1275 757 1343 802 esse

140 846 251 926 incipit
275 843 434 928 legatarii.
478 842 554 905 Nam
576 843 689 919 omnia,
713 858 782 921 quae
804 841 1000 903 testamentis
1024 841 1095 903 sine
1117 840 1170 904 dic
1187 847 1219 904 et
1235 843 1344 906 condi-

142 946 227 1008 tione
249 944 483 1021 adscribuntur,
509 961 549 1005 ex
569 944 620 1006 die
640 943 733 1005 aditae
754 941 939 1004 hereditatis
962 940 1085 1004 demum
1102 949 1294 1022 praestantur
1307 944 1345 1030 ²).

142 1045 181 1107 Et
206 1063 244 1107 eo
268 1062 395 1125 quoque
418 1049 559 1124 tempore
588 1044 637 1105 rei
659 1043 774 1125 legatae
797 1043 982 1119 dominium,
1012 1044 1039 1104 si
1063 1040 1191 1123 qilrdem
1215 1043 1347 1107 heredi-

112 1225 116 1233 ,
142 1149 213 1209 tatis
237 1145 313 1224 luit,
341 1145 398 1208 sed
421 1150 507 1208 recta
531 1146 582 1207 via
605 1144 643 1207 ad
667 1143 855 1227 legatarium
886 1143 1017 1220 transit,
1048 1161 1208 1224 nunquam
1234 1145 1348 1207 lactum

143 1245 270 1308 heredis
284 1246 324 1330 3).
370 1245 469 1326 ldque
491 1247 561 1325 ipso
584 1246 654 1307 iure
685 1249 716 1306 et
746 1245 904 1328 ignoranti
933 1244 1089 1326 legatario
1116 1245 1348 1328 acquiritur4).

143 1347 240 1410 Aliud
264 1364 341 1409 vcro
365 1345 548 1423 dicendum,
580 1347 607 1407 si
636 1347 731 1408 heres
754 1363 820 1408 rem
845 1344 981 1428 legatam
1003 1344 1128 1421 tradere
1156 1345 1269 1408 iussus
1299 1344 1349 1408 vel

144 1449 385 1514 fideicommisso
407 1447 547 1509 relictam
576 1447 747 1509 restituere
774 1452 905 1533 rogatus
928 1452 991 1508 est:
1026 1452 1099 1509 tunc
1120 1463 1172 1509 res
1198 1447 1351 1510 continuo

144 1549 291 1633 legatarii
313 1565 376 1610 non
397 1547 440 1624 lit,
465 1546 522 1609 sed
543 1545 671 1609 heredis
698 1552 757 1624 est,
782 1547 882 1610 donec
898 1546 1033 1609 traditur
1049 1546 1101 1609 vel
1116 1546 1302 1609 restituitur
1313 1546 1352 1632 5).

85 1702 92 1709 -
186 1671 217 1750 ξ.
231 1666 302 1733 705.
347 1665 379 1728 Si
402 1665 461 1726 sub
484 1665 665 1727 conditione
688 1665 740 1728 vel
762 1666 883 1727 incerto
906 1663 957 1726 die
979 1665 1117 1747 legatum
1132 1665 1282 1726 relictum
1296 1664 1350 1742 sit,

144 1770 196 1832 die
220 1768 353 1830 cedente
378 1772 409 1829 et
437 1767 577 1850 legatum
601 1769 666 1846 peti
689 1772 794 1847 potest
818 1771 849 1828 et
871 1783 924 1827 res
953 1765 1058 1848 legata
1087 1764 1126 1826 ad
1157 1764 1352 1848 legatarium

140 1871 293 1953 pertinet:
331 1867 422 1931 modo
450 1869 511 1931 iam
541 1868 624 1929 adita
655 1867 815 1931 hereditas
849 1870 908 1928 sit:
941 1883 1011 1946 quae
1041 1883 1158 1928 moram
1190 1865 1278 1949 fecit¹
1302 1865 1354 1930 le-

144 1974 209 2058 gati
230 1971 374 2054 petitioni
389 1973 425 2052 6).
1210 1977 1219 1986 ·

186 2095 216 2173 5.
233 2089 305 2154 706.
349 2088 500 2171 Legatum
532 2087 585 2150 vel
616 2087 907 2165 fideicommissum,
940 2086 1023 2168 quod
1057 2085 1260 2168 repudiatum
1293 2105 1357 2149 non

145 2196 206 2269 est,
229 2190 437 2273 praestandum
461 2196 519 2252 est.
564 2189 621 2251 Est
640 2195 744 2252 autom
764 2188 795 2251 id
817 2190 919 2269 ipsura
942 2188 1164 2269 praestandum,
1188 2187 1276 2267 quod
1301 2206 1358 2250 re-

145 2291 253 2354 lictum
276 2297 341 2367 cst,
369 2297 400 2355 ct
422 2292 585 2353 aestimatio
609 2296 673 2353 turn
696 2291 835 2368 demum,
860 2307 930 2352 curn
953 2307 1005 2352 res
1029 2291 1097 2369 ipsa
1120 2288 1204 2350 lacto
1224 2287 1358 2350 heredis

146 2393 290 2474 praestari
313 2410 377 2455 non
397 2391 552 2477 potest4).
599 2392 630 2455 Si
654 2393 805 2474 ignorans
829 2410 906 2467 rem,
931 2390 1013 2452 iorte
1035 2391 1066 2451 in
1089 2389 1184 2450 sunus
1200 2404 1357 2450 consum-

148 2494 200 2572 sit,
224 2491 276 2554 vel
297 2493 378 2556 bona
402 2493 462 2554 lide
485 2493 635 2555 alienavit
658 2494 771 2569 heres,
797 2490 982 2554 indemnitas
1007 2487 1185 2571 praestanda
1207 2493 1276 2563 cst,
1303 2486 1358 2550 vel

146 2595 282 2674 pretium
306 2592 462 2676 legatario
486 2592 726 2656 restituendum.
772 2593 803 2656 Si
833 2598 953 2655 certum
984 2607 1098 2671 corpus
1128 2589 1272 2672 legatum
1305 2589 1358 2664 sit,

148 2693 210 2757 tale
234 2693 430 2771 deridebat,
455 2693 548 2774 quale
571 2700 639 2758 est:
664 2696 770 2774 itaque
793 2695 887 2756 heres
910 2693 1042 2756 reficere
1057 2709 1121 2754 non
1138 2689 1244 2767 debet,
1271 2691 1358 2770 quod

147 2801 304 2857 vetustate
331 2796 472 2858 deterius
496 2795 609 2858 lactum
632 2795 763 2877 reliquit
785 2799 917 2857 testator
930 2794 970 2880 ⁸).
1001 2793 1090 2855 Etsi
1113 2793 1145 2854 in
1162 2809 1288 2873 genere
1303 2808 1358 2856 res

148 2898 254 2980 legata
278 2897 328 2973 sit,
352 2916 411 2958 noc
433 2900 545 2977 optima
571 2898 658 2979 exigi
679 2915 738 2959 nec
758 2897 894 2976 pessima
920 2894 1028 2958 oilerri
1051 2897 1156 2974 potest
1167 2891 1204 2972 ⁹).

191 3017 222 3096 §.
238 3014 308 3077 707.
352 3014 414 3076 Res
438 3014 542 3096 legata
567 3014 638 3076 talis
660 3014 755 3076 debet
776 3015 938 3095 praestari,
968 3011 1070 3094 qualis
1094 3016 1159 3087 est,
1176 3028 1254 3072 non
1286 3027 1359 3072 cum

149 3113 398 3194 relinquebatur,
422 3114 477 3176 sed
500 3131 569 3176 curn
592 3117 719 3212 petitur.
764 3114 851 3177 Unde
874 3131 958 3194 saepe
980 3115 1117 3196 legatum
1136 3111 1265 3192 plenius
1282 3128 1359 3174 res-

146 3285 344 3296 ——n———n

185 3403 213 3472 1)
233 3406 276 3457 Fr.
296 3401 356 3456 101.
376 3400 407 3455 D.
418 3401 461 3456 30.
482 3404 562 3455 Aliud
577 3407 730 3472 exemplum
741 3407 831 3475 legati,
842 3407 930 3458 denuo
944 3401 1261 3472 natantianatantia.
1276 3399 1359 3457 [t31.

185 3477 213 3544 2)
233 3479 278 3530 Fr.
295 3476 338 3529 32.
355 3493 396 3542 pr.
416 3472 447 3527 D.
467 3474 510 3527 31.
530 3479 561 3527 ir.
579 3476 623 3529 41.
644 3477 666 3536 §-
687 3476 728 3529 14.
749 3475 779 3529 D.
799 3478 842 3531 32.
861 3480 892 3529 fr.
910 3474 936 3528 7.
958 3497 996 3545 pr.
1015 3481 1046 3531 fr.
1065 3475 1109 3528 21.
1126 3494 1166 3544 pr.
1195 3473 1227 3524 D.
1247 3472 1285 3527 36
1307 3472 1359 3538 (tit.

104 3605 106 3607 ,
151 3548 215 3616 cit).
252 3550 320 3602 Indo
339 3549 382 3598 hic
402 3548 461 3600 dics
479 3551 589 3601 centem
608 3551 691 3617 legati
711 3556 830 3602 vocatur.

182 3621 211 3687 3)
230 3622 273 3673 Fr.
290 3618 334 3672 80.
358 3616 388 3671 D.
409 3619 452 3671 31.
472 3622 502 3671 ir.
522 3619 565 3672 60.
584 3639 622 3687 pr.
642 3624 673 3673 ir.
687 3620 730 3673 86.
750 3622 772 3682 §.
791 3620 816 3673 2.
840 3618 870 3672 D.
892 3618 937 3671 30t

183 3690 213 3757 4)
232 3692 275 3742 Fr.
295 3691 338 3743 81.
357 3690 380 3750 §-
399 3690 423 3742 6.
448 3688 477 3742 Ι).
497 3689 540 3743 30.
577 3694 608 3745 ln
629 3696 680 3745 hoc
699 3693 755 3745 IOti
774 3693 961 3745 dissenserant.
999 3689 1115 3744 Sabinus
1133 3695 1161 3742 ct
1177 3690 1291 3743 Gauius
1308 3702 1360 3740 caa-

150 3765 253 3831 tcriquc
271 3763 333 3814 Gaii
351 3768 539 3829 praeceptores:
559 3767 632 3832 quod
651 3782 697 3832 per
716 3765 923 3817 vindicationem
943 3765 1061 3829 legatum
1083 3768 1167 3827 essct,
1186 3761 1277 3813 statim
1297 3765 1361 3827 post

147 3837 249 3887 aditam
275 3834 453 3884 hereditatam
480 3837 606 3901 legatarii
623 3838 680 3889 ficri
702 3838 853 3903 putabant,
873 3831 953 3887 atiani
973 3835 995 3886 si
1013 3835 1151 3900 ignoraret
1165 3834 1217 3886 sibi
1233 3833 1361 3898 legatum

150 3923 217 3961 csse.
255 3906 383 3956 Proculus
407 3920 469 3957 vcro
495 3912 522 3957 et
540 3909 626 3960 caetcri
652 3910 729 3960 huius
748 3910 846 3960 scholae
864 3913 987 3959 auctores
1011 3921 1065 3955 non
1085 3906 1162 3957 aliter
1188 3907 1360 3971 putaverunt

148 3995 204 4032 ram
222 3977 345 4042 legatarii
363 3976 433 4038 fieri,
458 3994 540 4044 quam
565 3981 588 4031 si
604 3981 718 4032 voluerit
737 3981 773 4030 ad
792 3996 821 4038 sc
839 3981 978 4047 pertinere.
1015 3977 1059 4027 Ex
1078 3976 1204 4028 Antonini
1228 3975 1362 4028 constitu-

151 4054 224 4104 tionc
246 4063 278 4099 co
296 4048 354 4100 iura
368 4048 513 4098 utebantur
531 4051 644 4102 Romani
662 4057 780 4118 tempore
801 4051 870 4114 Gaii,
893 4050 966 4120 quod
988 4049 1104 4101 Proculo
1121 4048 1275 4116 placuerat.
1310 4048 1361 4098 cir.

147 4127 179 4176 lt.
200 4119 243 4174 64.
264 4116 295 4169 D.
304 4115 349 4182 47,
367 4117 383 4169 2
404 4117 451 4184 (dc
471 4117 570 4185 furtis).
591 4127 617 4172 ct
637 4122 670 4175 dc
689 4125 799 4191 antiquo
815 4124 872 4175 iure
893 4123 952 4174 Gai.
971 4120 992 4171 I.
1012 4117 1038 4182 2,
1056 4121 1078 4180 ἓ.
1087 4118 1147 4173 194.
1156 4114 1361 4171 tastonam.

181 4188 210 4257 5)
232 4190 292 4243 Gai.
308 4189 331 4249 ἓ.
350 4187 411 4242 204.
431 4190 473 4241 cit.
492 4193 523 4243 ir.
545 4190 604 4243 114.
626 4194 649 4252 §-
670 4193 711 4245 11.
732 4193 762 4246 D.
783 4193 824 4247 30.
844 4196 875 4246 ir.
892 4191 936 4246 77.
953 4191 976 4251 §-
996 4188 1038 4242 10.
1059 4188 1091 4244 D.
1110 4189 1155 4242 31.

179 4261 208 4329 6)
228 4264 269 4314 Fr.
288 4259 313 4314 7.
332 4279 370 4329 pr.
389 4263 421 4313 ir.
441 4260 484 4313 21.
499 4281 538 4330 pr.
560 4260 589 4314 D.
609 4263 653 4328 36,
671 4265 687 4316 2
707 4262 756 4332 (iit.
776 4266 840 4332 cit).
940 4260 969 4332 7)
990 4263 1033 4314 Fr.
1053 4261 1094 4316 11.
1115 4263 1138 4324 5.
1154 4256 1197 4313 17.
1219 4257 1252 4311 D.
1272 4259 1320 4314 30.

179 4333 210 4455 8)
227 4335 271 4385 Fr.
290 4332 332 4386 63.
351 4332 393 4386 89.
414 4331 437 4391 §-
456 4331 481 4385 7.
503 4333 533 4386 D.
552 4334 596 4386 31.
614 4339 645 4388 ir.
664 4335 708 4390 45.
727 4337 749 4397 ἓ.
767 4335 791 4388 2.
816 4341 847 4390 ir.
868 4333 909 4388 56.
932 4336 964 4388 D.
983 4331 1027 4386 30.
1045 4337 1077 4388 ir.
1096 4333 1140 4391 30.
1160 4337 1192 4387 ir.
1211 4329 1256 4386 65.
1278 4331 1304 4393 ἓ.
1326 4331 1353 4384 1.

212 4439 220 4467 ,
240 4404 255 4456 1
274 4404 321 4469 (da
343 4402 504 4470 usufructu).

181 4473 209 4539 9)
229 4476 272 4527 Fr.
291 4473 352 4527 110.
373 4473 403 4527 D.
423 4473 467 4529 30.

149 4402 170 4451 D
