2804 4966
521 296 601 334 areu
620 296 652 333 n.
670 296 737 332 rnre
758 296 787 333 11.
808 296 866 339 cnr.
886 296 905 332 r.
1263 287 1316 341 139

112 429 261 506 vocarit,
281 426 322 491 sd
344 443 423 508 quas
445 426 582 490 naturali
604 428 727 489 ratione
748 426 889 489 defuncti
911 427 1129 507 patrimonium
1155 430 1317 508 pertinere

109 529 281 593 videbatur
298 528 321 590 i.
330 546 361 591 e.
374 528 535 608 proximos
546 533 711 610 cognatos,
736 532 768 589 et
782 529 884 590 virum
894 527 947 588 vel
960 545 1091 590 uxorem
1104 528 1244 592 defuncti
1257 549 1316 592 su-

110 629 329 716 perstitem1).
373 628 436 691 Sub
456 629 562 708 primis
585 629 825 709 imperatoribus
849 629 984 691 ulterius
1006 632 1172 713 progressi
1195 631 1316 694 Preto-

112 746 167 793 res
189 729 285 791 etiarn
307 727 506 808 bpsmndi
532 746 590 791 seu
612 727 797 810 corrigendi
821 728 842 790 i.
856 747 885 790 e.
908 727 1087 807 munitates
1116 732 1195 794 iuris
1212 732 1316 795 civilis

112 828 303 893 emendandi
335 829 469 893 consilio
494 829 649 892 bonorum
676 830 898 909 possessiones
928 829 1182 909 introduxerunt,
1216 832 1315 896 veluti

112 948 182 995 eam
198 946 291 1010 quam
306 931 509 1009 emancipatis
533 929 642 992 liberis
663 928 737 1011 lege
758 953 800 993 sn
820 930 996 993 tabularum
1018 950 1037 992 a
1062 938 1191 1012 paterna
1216 933 1315 996 bere-

112 1031 216 1094 ditate
238 1029 392 1106 exclusis,
414 1030 467 1092 rel
481 1046 573 1110 quam
594 1029 663 1093 stits
686 1047 743 1111 per
766 1036 900 1113 agnatos
924 1033 1089 1111 propiores
1109 1033 1239 1095 remotis
1260 1032 1320 1095 de-

110 1129 294 1195 functorum
314 1131 459 1213 cognatis
480 1130 618 1219 dedit‘).

95 1248 112 1269 ²
152 1230 210 1295 llis
232 1231 376 1295 omuibus
396 1231 514 1293 Praetor
535 1232 566 1293 id
587 1230 719 1313 agebat,
748 1233 881 1310 nequis
903 1234 972 1294 sine
994 1248 1181 1296 successore
1207 1250 1313 1297 rnore-

109 1337 219 1409 retur,
250 1349 326 1423 oum
344 1332 576 1415 angustissimis
597 1332 710 1394 linibus
734 1335 938 1395 constitutum
959 1352 1017 1414 per
1046 1359 1089 1397 sn
1112 1335 1239 1399 tubulas
1268 1338 1317 1398 ius

109 1433 388 1515 percipiendarum
408 1432 616 1496 hereditatum
640 1452 680 1495 cx
700 1434 784 1496 bono
806 1439 838 1495 et
859 1451 949 1514 aequo
970 1434 1117 1497 dilataret
1128 1437 1169 1522 ³).

153 1533 270 1596 Omnes
301 1534 455 1595 bonorum
480 1550 684 1614 possessores
709 1532 825 1596 Praetor
854 1537 982 1614 proprio
1014 1541 1074 1597 tam
1094 1535 1310 1616 adipiscendae

110 1652 207 1717 quatu
236 1634 463 1715 recuperande
489 1637 702 1714 possessionis
726 1634 894 1698 interdicto
924 1636 1086 1712 tuebatur,
1117 1639 1208 1699 cuius
1241 1637 1311 1701 for-

114 1736 211 1801 tuulae
231 1736 355 1799 initium
374 1741 459 1799 erate
482 1758 615 1810 ouonosr
637 1758 784 1799 eonouuu
800 1735 841 1821 4).

151 1851 273 1934 9-487.
315 1853 402 1926 Quos
423 1858 529 1915 auteru
547 1859 662 1933 praetor
684 1851 772 1915 solus
793 1853 925 1914 vocabat
946 1852 985 1914 ad
1012 1853 1230 1929 hereditatem,
1257 1854 1317 1916 he-

108 1951 210 2015 redes
241 1951 368 2032 quidem
397 1954 465 2033 ipso
493 1953 565 2015 iure
587 1970 650 2014 non
674 1959 763 2014 erant
790 1953 874 2037 (nam
895 1951 1011 2014 Praetor
1035 1953 1184 2016 heredem
1207 1954 1316 2015 facere

108 2069 175 2115 non
198 2052 333 2140 potuit);
358 2054 414 2116 sed
436 2072 477 2115 ex
500 2056 569 2116 eius
590 2054 744 2116 beneficio
767 2054 918 2116 heredum
940 2053 1011 2117 loco
1030 2055 1314 2130 constituebantur,

108 2151 254 2234 ideoque
282 2159 315 2215 et
344 2156 506 2254 honorarii
536 2172 741 2217 successores
768 2153 966 2235 appellantur
977 2154 1016 2243 5).
1061 2155 1122 2218 Seu
1148 2158 1230 2218 enirn
1255 2157 1315 2236 ipsi

107 2253 264 2336 agebant,
287 2270 345 2317 seu
367 2272 437 2316 oum
453 2257 493 2317 iis
512 2255 677 2338 agebatur,
701 2255 818 2317 fictitiis
839 2256 1014 2317 actionibus
1036 2273 1115 2335 opus
1136 2262 1214 2332 erat,
1237 2261 1313 2337 qui-

108 2354 173 2416 bus
194 2354 335 2418 heredes
356 2372 429 2419 esse
454 2355 704 2445 fingebanturi).
748 2355 813 2417 Neo
841 2354 981 2417 defuncti
1012 2355 1146 2417 dominia
1176 2374 1215 2417 ex
1243 2357 1314 2418 iure

109 2454 285 2528 Quiritium
299 2454 418 2518 babere
434 2456 632 2532 videbantur,
652 2456 708 2518 sed
724 2473 776 2518 res
794 2454 1002 2531 hereditarie,
1024 2474 1142 2536 expuo
1161 2462 1316 2518 momento

108 2554 186 2617 illas
210 2556 294 2618 neoti
316 2561 418 2631 erant,
441 2557 472 2617 in
495 2558 585 2619 bonis
607 2574 716 2618 eorum
741 2573 813 2618 esse
835 2557 1025 2637 incipiebant
1037 2557 1075 2641 ⁷).
1121 2556 1193 2617 lure
1216 2555 1314 2618 lusti-

109 2656 231 2718 nisneo
257 2655 411 2719 bonorum
438 2658 691 2736 possessorium
717 2657 818 2719 statim
842 2656 1011 2718 dominium
1040 2673 1146 2718 rerum
1176 2655 1316 2719 defuncti

109 2757 148 2819 in
177 2772 216 2819 se
242 2756 412 2819 transfert:
444 2775 504 2820 nec
533 2757 665 2838 amplius
688 2761 824 2837 antique
847 2757 981 2820 fictionis
1008 2774 1084 2819 usus
1117 2759 1316 2819 necessarius

113 2862 185 2920 est:
216 2875 283 2921 uam
304 2857 459 2920 bonorum
480 2861 684 2938 possessione
706 2858 857 2934 admissa,
887 2858 1047 2920 commoda
1070 2864 1101 2920 et
1122 2857 1316 2920 incommoda

114 2957 318 3036 hereditaria,
344 2960 480 3040 itemque
499 2959 635 3022 dominia
656 2977 773 3035 rerum,
796 2976 867 3040 quae
890 2960 922 3021 in
946 2960 995 3020 his
1017 2959 1107 3021 bonis
1132 2963 1232 3033 erant,
1255 2959 1316 3019 tri-

118 3056 197 3120 buta
219 3065 289 3121 sont
315 3059 469 3122 bonorum
490 3060 751 3139 possessoribus:
788 3060 841 3140 qui
864 3059 996 3139 proinde
1019 3059 1050 3119 in
1076 3057 1220 3119 omnibus
1242 3059 1314 3119 vice

124 3157 273 3221 heredum
293 3160 501 3246 habenturi).

171 3276 200 3356 §-
210 3274 276 3341 488.
299 3275 476 3338 ‘Bonorum
500 3277 713 3356 possessionis
735 3276 922 3339 beneficium
945 3276 1110 3357 multiplex
1126 3281 1195 3336 est:
1218 3274 1316 3355 vulgo

133 3372 248 3450 quidem
263 3378 331 3440 sine
352 3392 454 3439 causae
475 3378 657 3458 cognitione
679 3383 710 3439 et
732 3377 835 3439 edicto
858 3376 1003 3438 Praetoris
1025 3375 1186 3450 defertur,
1216 3376 1264 3484 itg
1280 3377 1314 3433 ut

136 3468 177 3532 de
196 3474 275 3553 plano
295 3478 360 3558 peti
383 3483 414 3540 et
435 3479 565 3559 agnosci
587 3479 688 3559 possit
700 3478 739 3564 ⁹).
783 3476 962 3557 Aliquando
986 3494 1062 3537 vero
1081 3474 1205 3536 nonnisi
1220 3489 1314 3535 carisa

137 3633 314 3660 '‘N-*—

138 3742 454 3953 mssgpgffigffwim
482 3828 565 3880 civilis
589 3827 741 3898 iniquitates
765 3842 912 3896 earumque
929 3827 1130 3881 emendationes
1156 3828 1238 3880 refert
1257 3825 1316 3878 Gai.

169 3952 307 4024 etesi.
328 3939 417 4024 11,
462 3968 493 4034 4)
513 3970 572 4022 oar.
592 3971 639 4021 111.
657 3968 700 4021 34.
720 3971 780 4036 mg.
800 3971 846 4021 111.
864 3968 909 4034 43,
927 3970 965 4020 et.
983 3967 1008 4019 3.

169 4022 188 4076 ⁵
211 4032 230 4093 t.
245 4040 302 4096 ab
320 4045 348 4095 1.
366 4050 385 4096 c.
411 4043 444 4094 e.
460 4040 505 4093 24.
531 4041 553 4102 s.
574 4041 597 4093 1.
616 4045 646 4093 e.
668 4040 693 4092 s.
714 4040 736 4100 e.
756 4042 797 4094 19.
816 4044 849 4093 o.
869 4042 913 4108 10,
931 4040 948 4091 2
967 4039 1060 4107 (remu.
1079 4034 1195 4102 uertit).

138 4091 404 4253 o.⁶s0‚mf÷¹(³}m
423 4112 509 4250 {11¹3
534 4113 657 4185 ostoph.
678 4113 696 4164 1.
715 4131 737 4166 ο.
770 4113 831 4165 ear.
849 4115 896 4165 111.
916 4110 939 4171 e
958 4111 1001 4164 32.
1020 4113 1066 4163 w.
1089 4112 1112 4171 s.
1133 4107 1175 4161 34.
1205 4109 1237 4160 n.
1257 4103 1316 4159 117.

170 4231 284 4448 ἥξω
305 4202 505 4312 affinem}
522 4255 558 4318 11,
578 4252 612 4306 10
631 4250 667 4321 (v.
686 4271 768 4322 supra
787 4254 810 4314 e.
830 4253 890 4308 315.
910 4257 938 4308 in
958 4252 998 4319 1.).

171 4378 191 4432 9
212 4362 248 4447 lh:
263 4328 389 4460 3021}
401 4330 502 4461 111)*ὲ9,
519 4397 536 4449 2
557 4396 605 4464 (do
625 4412 684 4466 scq.
698 4399 742 4449 rel
761 4412 813 4447 sm.
831 4396 948 4459 hesed).
975 4397 1006 4448 fr.
1026 4392 1051 4445 2.
1076 4391 1099 4453 ἓ.
1119 4394 1142 4446 1.
1167 4397 1200 4444 Ι).
1220 4390 1316 4455 38,1o

141 4448 197 4521 (qu
208 4466 263 4522 tudo
278 4471 306 4523 tu
322 4486 393 4538 poss
410 4465 499 4536 ωτι).
519 4471 550 4522 fr·
570 4467 596 4522 3.
615 4468 638 4529 ἓ.
656 4467 682 4522 8.
701 4469 734 4521 D.
754 4470 781 4519 h·
800 4474 819 4520 t.
