2804 4966
599 292 791 338 rrrnonuorro.
1276 292 1294 344 3
1342 265 1345 268 ’

96 429 309 491 conventione
332 426 434 490 solius
455 424 599 488 utilitatis
619 428 720 509 gratia
744 428 793 488 ius
809 425 932 489 demum
945 428 1146 489 constitutum
1163 427 1298 502 docent3

95 528 149 591 alii
171 527 203 590 id
223 527 292 589 solo
312 526 530 608 imperantium
549 527 679 590 arbitrio
699 530 818 590 iussum
831 528 1026 608 profitentur.
1070 527 1212 591 Proxime
1233 543 1294 591 nu-

97 635 158 692 tem
181 629 334 692 accedere
357 629 395 691 ad
420 631 584 692 veritatem
613 628 740 691 videtur
763 629 831 690 hmc
853 634 960 692 nostra
992 629 1079 690 illius
1110 631 1294 710 questionis

96 731 222 793 solutio.

140 831 170 911 ξ.
186 831 214 892 7.
258 829 422 906 Homines,
452 831 549 892 variis
570 832 714 911 corporis
737 830 958 911 cupiditatibus
980 831 1183 911 diversisque
1203 828 1295 893 animi

96 931 266 993 desideriis
286 931 559 1011 obtemperantes,
592 936 655 993 tum
683 932 803 1012 proprii
827 931 977 993 commodi
1006 932 1167 1011 quarendi
1188 930 1294 994 studio

97 1048 166 1094 cum
187 1037 292 1093 mutua
308 1027 527 1092 benevolentia
542 1032 713 1093 concitatos
726 1031 885 1092 societatis
903 1031 1042 1110 appetitu
1057 1032 1128 1114 regi
1140 1031 1294 1093 videmus.

139 1131 335 1211 Quandoque
358 1137 460 1193 autem
490 1131 528 1193 ad
559 1133 742 1194 societatem
765 1132 1014 1196 constituendam
1047 1139 1295 1216 congregantur,

98 1234 199 1295 statim
221 1230 320 1294 altera
340 1231 394 1294 illa
419 1234 561 1295 bumana
583 1239 704 1296 naturae
725 1234 829 1295 innata
853 1233 904 1295 lex
924 1236 1011 1309 iusti,
1033 1246 1102 1313 quae
1115 1234 1296 1295 suumoui-

98 1351 161 1413 que
183 1333 324 1394 tribuero
346 1333 443 1409 iubet,
465 1333 674 1415 equalitatem
691 1335 844 1415 quandam
860 1337 943 1396 inter
965 1351 1031 1410 eos,
1056 1341 1091 1396 ut
1107 1335 1215 1396 eadem
1240 1349 1295 1395 ra-

98 1436 184 1496 tione
197 1452 233 1495 ac
249 1432 401 1516 dignitate
418 1435 565 1514 praeditos
578 1437 699 1498 servari
712 1441 744 1497 et
755 1435 886 1498 cuilibet
897 1436 1029 1515 aliquam
1043 1441 1182 1498 externae
1193 1435 1297 1496 liber-

97 1537 170 1600 tatis
189 1537 384 1617 provinciam
407 1541 552 1617 tanquam
575 1538 634 1618 ipsi
657 1553 788 1618 prorsus
812 1537 947 1599 debitam
971 1538 1128 1621 assignari
1145 1535 1293 1618 postulat.

141 1636 394 1718 compelluntur,
431 1638 485 1717 qui
506 1639 548 1699 ita
572 1639 764 1700 conveniunt
793 1638 830 1700 ad
854 1640 927 1701 vitat
957 1638 1129 1702 communis
1156 1639 1296 1701 rationes

97 1756 187 1819 aeque
210 1756 246 1800 ac
268 1737 389 1799 utiliter
417 1737 652 1816 describendas,
675 1739 713 1800 ad
734 1737 986 1802 dissentientium
1008 1740 1080 1801 lites
1102 1741 1190 1820 pacis
1214 1755 1294 1800 con-

99 1838 265 1901 servandae
286 1841 397 1921 gratia,
421 1845 508 1901 recte
534 1839 736 1917 dirimendas,
760 1845 791 1902 et
814 1840 851 1904 ad
878 1840 1071 1903 commodum
1096 1840 1296 1920 solidumque

102 1939 240 2021 degendi
261 1941 430 2019 unitcrque
453 1941 603 2002 versandi
626 1941 767 2004 ordinem
791 1941 1025 2003 stabiliendum.
1246 2018 1248 2022 Α

144 2043 175 2122 ἕ.
189 2040 218 2104 8.
261 2041 366 2120 Atque
387 2041 437 2101 bic
450 2040 532 2117 fons,
552 2041 612 2103 boc
624 2043 812 2123 principium
825 2047 874 2103 est
887 2043 986 2104 omnis
1010 2042 1088 2103 iuris
1103 2060 1111 2114 ;
1132 2040 1199 2102 baec
1215 2039 1297 2119 apud

100 2158 208 2203 omnes
238 2146 351 2222 gentes
381 2138 541 2202 civitatum
572 2114 721 2223 ingr'essu
756 2143 834 2204 iuris
864 2141 1044 2222 primordia.
1105 2139 1166 2219 Sed
1195 2138 1298 2201 intima

99 2241 287 2323 populorum
308 2241 339 2303 in
364 2240 493 2303 infantia
515 2241 698 2324 degentium
717 2244 850 2319 cultura,
876 2242 929 2304 illa
951 2243 1082 2305 rationis
1106 2243 1298 2319 virtutisque

100 2345 149 2405 vis
172 2343 241 2405 solo
266 2344 357 2422 quasi
377 2344 528 2404 instinctu
549 2344 644 2405 rebus
668 2345 744 2425 ipsis
767 2363 804 2407 ac
826 2344 917 2407 lactis
942 2349 1054 2405 cuncta
1077 2340 1211 2404 ordinat.
1237 2341 1298 2402 At-

102 2450 205 2507 tamen
229 2449 316 2506 certa
339 2449 371 2505 et
392 2451 498 2507 sancta
521 2444 677 2506 habentur
697 2446 954 2507 vitaecommunis
975 2445 1127 2518 instituta,
1148 2439 1299 2502 formatur

103 2544 305 2625 respublica,
339 2547 576 2606 constituuntur
597 2548 818 2628 magistratus,
841 2546 953 2608 ritibus
977 2562 1014 2606 ao
1036 2543 1179 2606 formulis
1200 2540 1299 2603 sacris

103 2647 243 2708 arbones
266 2646 478 2722 celebrantur,
502 2647 616 2726 qulbus
637 2649 833 2730 singulorum
856 2647 925 2710 iura
940 2648 1189 2729 distinguuntur.
1232 2643 1299 2704 Re-

103 2747 233 2830 ligionis
257 2746 397 2828 pondere
421 2753 452 2808 et
473 2747 620 2824 vinculo,
654 2767 716 2829 quo
747 2766 854 2813 omnes
878 2749 1027 2811 iuvenilis
1059 2747 1168 2829 populi
1194 2760 1303 2808 mores-

104 2852 223 2912 sacrari
245 2846 400 2923 videmus,
424 2849 503 2909 luris
526 2864 653 2929 quoque
674 2855 828 2932 praecepta
858 2850 1019 2912 firmantur
1026 2873 1039 2930 ,0
1067 2847 1141 2911 inde
1161 2846 1299 2909 iudicio-

103 2965 173 3012 rum
195 2949 354 3022 sanctitas,
376 2949 546 3012 maiestatis
569 2952 869 3033 magistratuumque
892 2952 1083 3014 reverentia.

147 3052 177 3131 ξ.
190 3049 219 3112 9.
264 3049 385 3131 Lingua
398 3049 505 3129 populi
519 3050 654 3127 exculta,
677 3052 756 3114 iuris
777 3052 930 3115 vocabula
954 3053 1170 3126 inveniuntur,
1191 3037 1300 3111 incer-

104 3151 210 3228 tisque
233 3150 333 3230 signis
358 3149 588 3230 praeferuntur,
622 3155 700 3214 iuris
730 3158 884 3233 praecepta
907 3152 1029 3234 adagiis
1052 3152 1121 3212 sive
1142 3149 1302 3230 paroemiis

107 3247 327 3336 (brocardicis)
352 3253 586 3330 exprimuntur}
611 3257 642 3313 et
662 3252 746 3332 quod
759 3254 914 3333 principio
936 3254 1026 3314 tacita
1049 3252 1196 3332 opinione
1221 3264 1301 3308 con-

105 3349 226 3424 stabat,
262 3348 294 3411 id
327 3350 559 3413 consuetudine
581 3351 741 3429 firmatur,
776 3357 983 3433 perpetuatur
1014 3355 1045 3411 et
1069 3348 1300 3411 circumfertur.

105 3448 245 3511 Moribus
268 3450 374 3530 itaque
396 3451 464 3513 iura
486 3452 687 3514 stabilitatem
702 3455 870 3534 accipiunt,
891 3451 1025 3515 firmiora
1047 3451 1134 3527 liunt,
1153 3468 1190 3511 ao
1212 3449 1302 3509 viro-

106 3564 175 3611 rum
198 3549 399 3630 prudentium
422 3552 673 3630 auctoritate,‘et
693 3554 898 3618 iudicantium
912 3553 1077 3616 sententiis
1101 3549 1247 3614 coluntur
1270 3552 1302 3608 et

107 3651 284 3713 accuratius
307 3650 508 3714 definiuntur.
1160 3633 1170 3643 ’

148 3753 178 3832 ξ.
192 3750 241 3814 10.
285 3750 396 3831 Neque
418 3758 520 3816 tamen
541 3754 651 3817 eadem
676 3755 843 3836 suntapud
866 3771 973 3818 omnes
988 3752 1192 3837 gentesiuris
1215 3762 1301 3830 prac-

110 3859 199 3933 cepta
222 3857 253 3915 et
275 3852 401 3932 publica
413 3854 601 3935 privataque
616 3857 768 3918 instituta.
800 3854 892 3918 Varia
913 3861 988 3918 sunt
1008 3872 1065 3936 pro
1087 3855 1176 3915 vario
1198 3864 1303 3931 popu-

107 3951 209 4013 lorum
232 3953 373 4034 ingenio,
397 3960 454 4034 pro
478 3955 558 4018 locis
581 3963 612 4017 et
635 3958 735 4019 omnis
756 3959 839 4019 vitae
860 3956 1037 4039 commercii
1061 3968 1169 4017 eorum
1191 3951 1303 4013 diver-

107 4053 211 4113 sitate.
255 4051 333 4115 Sunt
356 4052 408 4116 alii
425 4053 588 4133 cultiores,
610 4057 663 4119 alii
679 4058 815 4134 barbari,
839 4058 988 4121 montium
1002 4055 1068 4132 alii,
1092 4053 1146 4116 alii
1161 4054 1300 4115 littorum

107 4154 202 4214 maris
227 4154 279 4216 vel
303 4153 452 4220 fertilium
474 4157 603 4221 uallium
627 4160 757 4234 incolae3
790 4160 844 4222 alii
866 4161 954 4242 agris
969 4156 1121 4231 colendis,
1143 4149 1300 4235 pascendo

107 4256 160 4320 alii
183 4257 277 4320 vitam
300 4263 494 4334 sustentant,
524 4258 578 4321 alli
598 4259 725 4323 demum
747 4262 969 4342 reperiuntur,
1000 4262 1051 4340 qui
1074 4256 1193 4320 artibus
1216 4273 1304 4318 corn-

106 4359 292 4439 mercioque
315 4360 503 4422 exercendis
524 4361 597 4423 vitae
611 4361 752 4424 subsidia
772 4368 925 4443 quaerunt.
962 4361 1185 4441 Ubiquevero,
1209 4360 1305 4440 quid-

108 4457 185 4538 quid
206 4461 410 4540 aptissimum,
433 4462 660 4542 'iustissimum,·
675 4464 871 4545 maximeque
883 4463 1019 4546 propriis
1038 4458 1178 4526 moribus
1190 4467 1223 4523 et
1243 4477 1303 4524 nc-
