2804 4966
95 299 147 356 120
420 309 618 347 rusrrrurmnrs
638 308 711 346 runis
731 309 834 349 nostru
856 310 977 350 sarvam.

99 437 246 501 utendam
269 441 375 517 potest
386 437 432 524 ¹),
461 453 530 499 cum
553 435 636 517 quod
660 453 737 500 usus
759 453 905 517 persone
927 440 1115 503 constitutus
1137 448 1203 518 est,
1237 447 1298 503 tum

99 539 183 620 quod
204 556 272 601 rem
294 536 429 601 locando
451 556 485 600 ea
510 556 571 601 non
594 541 749 616 uteretur,
774 538 1017 619 sedfrueretur,
1033 543 1220 621 pensionem
1235 542 1299 603 sci-

100 643 175 705 licet
197 639 422 720 percipiendo·

90 746 98 769 ⁸
141 745 170 826 §-
184 742 257 809 425.
302 741 334 804 Si
350 756 415 817 res,
439 741 550 818 inqua
570 756 648 801 usus
667 739 793 823 legatus
808 747 867 817 est,
891 740 1160 824 fructusprofert
1183 748 1300 823 praete-

99 861 218 924 reaque
251 847 370 904 certum
399 857 490 902 usum
520 840 718 920 suppeditat,
743 843 843 904 veluti
872 843 898 903 si
927 844 1031 904 ovium
1054 842 1106 905 vel
1135 861 1299 907 vaccarum

99 961 175 1005 usus
198 942 287 1005 datus
311 943 352 1003 sit
360 961 369 1017 ;
395 940 504 1004 eodem
528 939 620 1002 modo
642 943 789 1003 usuarius
811 942 1026 1022 plenissimum
1048 943 1099 1006 ius
1115 943 1228 1006 utendi
1245 943 1300 1006 ha-

99 1043 164 1119 bet,
189 1040 293 1105 nullos
316 1058 395 1103 vero
417 1041 539 1102 fructus
563 1040 623 1101 sibi
646 1041 809 1103 vindicare
830 1047 953 1122 potest,
975 1041 1114 1123 ideoque
1137 1062 1199 1106 nec
1222 1043 1299 1119 lana,

100 1160 204 1223 neque
225 1144 333 1225 agnis,
357 1158 461 1221 neque
485 1140 566 1202 lacte
589 1140 652 1202 frui
665 1140 703 1226 ²).
749 1141 810 1205 Sed
833 1160 902 1204 cum
926 1148 987 1204 tam
1009 1145 1119 1205 stricte
1141 1139 1300 1225 interprcss

101 1243 203 1306 tandae
230 1261 294 1305 non
325 1243 388 1304 sint
421 1242 601 1303 testantium
633 1240 833 1318 voluntates,
867 1244 1035 1322 quominus
1065 1242 1190 1308 modico
1224 1245 1300 1308 lactc

101 1349 218 1420 utatur,
242 1341 461 1423 impediendus
484 1359 548 1404 non
571 1342 668 1428 estss).

143 1450 173 1528 ξ
186 1444 259 1508 426
304 1444 359 1507 Sin
385 1449 501 1523 praeter
528 1443 686 1505 fructuum
715 1443 838 1505 lucrum
868 1444 1014 1505 usuarius
1043 1443 1096 1506 vel
1119 1445 1241 1509 nullam
1266 1465 1299 1509 ex

102 1565 138 1609 re
158 1545 323 1607 utilitatem
345 1542 397 1606 vel
421 1544 574 1604 minimam
597 1543 747 1619 haberet,
779 1561 838 1649 pro
866 1544 1026 1606 testatoris
1055 1542 1250 1609 iiberalitate
1273 1554 1299 1610 et

102 1645 255 1728 dignitate
279 1647 359 1720 eius,
383 1645 433 1705 cui
457 1642 587 1706 relictus
611 1649 659 1705 est
682 1661 770 1720 usus,
794 1606 916 1727 largius
942 1644 1098 1726 agendum
1115 1652 1165 1709 est
1180 1653 1212 1708 et
1227 1666 1297 1710 con-

101 1745 234 1808 cedendi
262 1745 291 1807 ei
323 1745 466 1821 fructus,
494 1760 574 1823 quos
605 1750 706 1806 tamen
737 1743 896 1806 vendendi
918 1747 1018 1826 gratia
1040 1747 1211 1827 percipere
1244 1766 1296 1811 non

100 1847 253 1927 potest4).
296 1844 371 1906 lta
362 1862 401 1921 rs,
425 1846 475 1906 cui
497 1844 583 1906 ville
602 1844 654 1906 vel
678 1846 760 1919 horti
784 1862 860 1907 usus
880 1844 1011 1906 relictus
1036 1845 1138 1933 est5).

148 1943 328 2025 Aliquando
349 1946 398 2006 ius
424 1961 502 2031 usus
525 1945 563 2006 ab
586 1944 753 2007 usufructu
776 1963 839 2007 non
864 1945 983 2022 differt,
1016 1946 1123 2033 veluti
1140 1965 1210 2009 curn
1231 1963 1295 2010 usus

102 2065 206 2109 rerum
229 2045 359 2107 refictus
379 2047 431 2122 sit,
449 2062 519 2125 quaa
539 2045 657 2108 utendo
674 2052 901 2109 consumuntur
914 2045 966 2107 vcf
983 2047 1226 2134 minuuntur⁶);
1247 2048 1295 2110 dc·

104 2149 200 2227 nique
222 2163 298 2208 usus
321 2147 411 2208 silvae
434 2145 550 2207 caeduae
571 2145 751 2209 usufructui
772 2148 945 2226 expressim
971 2149 1187 2227 aequiparatus
1208 2154 1252 2211 est
1262 2148 1291 2233 1).

147 2250 176 2330 ξ.
190 2246 262 2310 421.
306 2247 341 2307 in
367 2248 489 2309 ceteris
513 2263 588 2309 usus
611 2247 801 2310 usuifructui
825 2247 1003 2309 simillimus
1028 2253 1095 2325 est,
1118 2248 1251 2328 ideoque
1269 2251 1292 2308 ct

105 2366 202 2409 onera
229 2348 349 2409 usuarii
377 2347 485 2409 eadem
514 2349 583 2409 fere
610 2353 683 2410 sunt
712 2352 806 2427 atque
831 2347 1059 2410 usufructuarii
1084 2354 1117 2410 et
1139 2367 1198 2430 pro
1227 2347 1290 2410 iuris

106 2450 156 2510 sui
179 2448 365 2510 extensione
387 2448 478 2510 modo
500 2450 630 2525 minora,
652 2449 743 2511 modo
765 2448 964 2536 gravioraf).

149 2552 179 2631 ξ.
190 2548 264 2612 428.
308 2547 462 2610 Habitatio
485 2568 524 2610 an
545 2551 673 2630 propria
696 2555 782 2612 esset
803 2551 959 2626 servitus,
982 2551 1066 2611 inter
1089 2554 1217 2612 veteres
1236 2548 1288 2610 dis·

106 2654 245 2729 putatum
270 2655 337 2710 erat
350 2648 388 2735 9),
412 2647 467 2725 sed
489 2668 547 2730 pro
569 2649 623 2711 tali
645 2649 853 2719 alustiniano
870 2649 1090 2712 declarabatur
1102 2648 1155 2739 10).
1176 2647 1288 2712 Accedit

108 2751 190 2812 enim
203 2749 240 2812 ad
253 2749 480 2811 usumfructum
502 2768 634 2812 usumve
650 2751 773 2827 aedium,
798 2769 816 2813 a
839 2751 951 2830 quibus
974 2751 1123 2812 tamenin
1140 2770 1179 2814 eo
1194 2749 1289 2822 differt,

109 2850 193 2930 quod
216 2849 366 2912 habitatio
390 2850 443 2912 alii
474 2850 606 2913 concedi
625 2857 748 2932 potest,
781 2853 808 2912 si
829 2869 893 2914 non
916 2851 1056 2933 gratuite
1077 2851 1135 2913 sed
1149 2865 1294 2932 promer-

112 2949 190 3012 cede
211 2952 432 3013 transmittitur
445 2951 495 3038 ¹1).
539 2952 682 3032 Denique
704 2953 879 3015 donationis
903 2969 997 3014 causa
1019 2952 1189 3014 constituta
1208 2969 1223 3012 a
1241 2947 1302 3010 do-

111 3053 214 3113 nantis
236 3051 409 3114 heredibus
431 3054 575 3115 revocari
598 3054 771 3142 potestlf),
796 3055 906 3136 capitis
929 3053 1136 3124 diminutione
1160 3046 1313 3114 venerei

109 3171 172 3216 non
193 3152 310 3216 utendo
331 3171 394 3214 non
416 3154 576 3230 amittitur,
598 3156 681 3216 sicut
704 3161 825 3218 caeterae
846 3156 985 3217 servitus
1008 3153 1193 3235 personales
1203 3151 1247 3237 ¹³).

152 3258 182 3336 ξ.
196 3254 268 3319 429.
313 3253 424 3336 Operae
446 3273 612 3318 servorum
634 3274 759 3336 quoque
780 3255 862 3337 apud
884 3261 1011 3318 veteres
1029 3257 1185 3336 propriam
1201 3249 1324 3315 serri-

112 3361 208 3418 tutem
238 3356 489 3433 constituebant,
525 3356 563 3418 de
595 3374 655 3437 qua
684 3375 762 3421 vero
793 3356 888 3420 hodie
911 3357 1020 3419 dicere
1043 3365 1329 3487 supervacaneum

110 3460 201 3523 nobis
223 3458 411 3541 videtur14).

119 3623 316 3633 ——-—-—-—-

257 3745 385 3792 ...4
474 3737 865 3799 .f......rlrts4ueou

295 3813 431 3866 ,.2..
501 3809 772 3870 t..§41eod
900 3801 1282 3889 murmanus»

354 3849 898 3942 .§.1.sr.i5.fr.......22§auna

288 3987 299 4005 ι.
337 3954 386 4007 ,2.
408 3952 437 4006 D
457 3955 520 4006 144,

230 4025 355 4149 ....4.
345 4025 370 4078 2.
391 4023 421 4076 D.
439 4023 465 4088 7,
485 4022 502 4076 5
521 4021 568 4090 (de
586 4026 657 4076 usuf.
676 4038 731 4074 car.
750 4039 801 4074 rer
821 4037 945 4090 quaeusu
963 4017 1071 4088 consa)

401 4099 491 4148 ,144
614 4092 642 4160 8)
664 4095 706 4144 ur.
726 4092 768 4146 18.
792 4091 822 4146 D.
843 4096 907 4145 144.

470 4165 609 4231 decapite
630 4160 757 4229 minutis)
775 4167 806 4217 fr.
827 4163 869 4216 10.
890 4163 918 4224 §-
934 4162 959 4214 2.
980 4162 1006 4215 3.
1028 4159 1058 4213 D.
1080 4158 1107 4226 7,
1127 4156 1194 4227 801·
1208 4149 1248 4216 1)·

471 4238 590 4289 deucuf
610 4233 758 4300 cibabit..)
780 4235 803 4296 ἓ,
823 4233 847 4287 5.
868 4238 889 4287 Ι.
908 4237 935 4287 h.
956 4240 975 4286 t.
996 4231 1099 4301 (25..)

445 4307 588 4360 ,0.144
607 4325 629 4358 c.
649 4306 691 4360 13.
713 4309 741 4359 O.
761 4309 804 4360 cit

466 4377 510 4443 ,5
530 4376 576 4444 (de
587 4377 698 4444 donat..)
720 4380 807 4446 Negat
822 4380 909 4430 hooc.
920 4378 1073 4443 Boouata,
1089 4368 1211 4429 versute
1221 4343 1279 4411 ”0¹7⁶

389 4449 501 4517 (de
520 4467 578 4515 cop.
597 4447 723 4514 minutis).
744 4453 776 4502 fr.
797 4450 839 4503 10.
858 4467 898 4517 pr.
919 4445 950 4499 D.
971 4448 998 4497 h.
1017 4453 1036 4500 4.

659 4517 685 4586 )-

215 3831 239 3935 ’,Ἴτ’

216 3973 238 4150 ι-ι-ττ*

193 3741 237 4572 eqfflfflpgaznjhanazepo

130 3741 174 4579 ssffisszgffiqoewmoes-a-

167 4241 179 4591 VN—‘vvv
165 3740 175 4166 νΝ-ἈΧ-’ψΝ-κν

219 4473 238 4542 -:·=

485 4715 499 4754 t
