<?xml version="1.0" encoding="UTF-8"?>
<!DOCTYPE html PUBLIC "-//W3C//DTD XHTML 1.0 Transitional//EN"
    "http://www.w3.org/TR/xhtml1/DTD/xhtml1-transitional.dtd">
<html xmlns="http://www.w3.org/1999/xhtml" xml:lang="en" lang="en">
 <head>
  <title>
</title>
<meta http-equiv="Content-Type" content="text/html;charset=utf-8" />
  <meta name='ocr-system' content='tesseract 3.04.00' />
  <meta name='ocr-capabilities' content='ocr_page ocr_carea ocr_par ocr_line ocrx_word'/>
</head>
<body>
  <div class='ocr_page' id='page_1' title='image "./institutionesiu00warngoog_0209.png"; bbox 0 0 2798 4972; ppageno 0'>
   <div class='ocr_carea' id='block_1_1' title="bbox 122 309 1000 364">
    <p class='ocr_par' dir='ltr' id='par_1_1' title="bbox 122 309 1000 364">
     <span class='ocr_line' id='line_1_1' title="bbox 122 309 1000 364; baseline -0.002 -11"><span class='ocrx_word' id='word_1_1' title='bbox 122 309 175 364; x_wconf 72' lang='grc'><strong>192</strong></span> <span class='ocrx_word' id='word_1_2' title='bbox 440 315 643 355; x_wconf 66' lang='lat' dir='ltr'><strong>mmmmm</strong></span> <span class='ocrx_word' id='word_1_3' title='bbox 662 317 735 355; x_wconf 79' lang='lat' dir='ltr'><strong>tom</strong></span> <span class='ocrx_word' id='word_1_4' title='bbox 756 315 861 354; x_wconf 67' lang='grc'>101411</span> <span class='ocrx_word' id='word_1_5' title='bbox 878 315 1000 354; x_wconf 57' lang='lat' dir='ltr'><strong>muri.</strong></span> 
     </span>
    </p>
   </div>
   <div class='ocr_carea' id='block_1_2' title="bbox 117 439 1385 3244">
    <p class='ocr_par' dir='ltr' id='par_1_2' title="bbox 122 439 1332 934">
     <span class='ocr_line' id='line_1_2' title="bbox 124 439 1331 525; baseline -0.008 -16"><span class='ocrx_word' id='word_1_6' title='bbox 124 448 218 509; x_wconf 87' lang='lat' dir='ltr'><strong>heres</strong></span> <span class='ocrx_word' id='word_1_7' title='bbox 242 445 404 507; x_wconf 86' lang='lat' dir='ltr'><strong>institutus</strong></span> <span class='ocrx_word' id='word_1_8' title='bbox 426 446 487 520; x_wconf 90' lang='lat' dir='ltr'><strong>sit,</strong></span> <span class='ocrx_word' id='word_1_9' title='bbox 510 445 595 525; x_wconf 91' lang='lat' dir='ltr'><strong>quod</strong></span> <span class='ocrx_word' id='word_1_10' title='bbox 619 464 636 507; x_wconf 84' lang='lat' dir='ltr'><strong>a</strong></span> <span class='ocrx_word' id='word_1_11' title='bbox 660 451 761 508; x_wconf 85' lang='lat' dir='ltr'><strong>semet</strong></span> <span class='ocrx_word' id='word_1_12' title='bbox 780 447 850 525; x_wconf 89' lang='lat' dir='ltr'><strong>ipso</strong></span> <span class='ocrx_word' id='word_1_13' title='bbox 873 441 1031 505; x_wconf 71' lang='lat' dir='ltr'><strong>inutiliter</strong></span> <span class='ocrx_word' id='word_1_14' title='bbox 1051 441 1081 503; x_wconf 90' lang='lat' dir='ltr'><strong>ei</strong></span> <span class='ocrx_word' id='word_1_15' title='bbox 1102 439 1246 522; x_wconf 86' lang='lat' dir='ltr'><strong>legatum</strong></span> <span class='ocrx_word' id='word_1_16' title='bbox 1272 440 1331 516; x_wconf 88' lang='lat' dir='ltr'><strong>est,</strong></span> 
     </span>
     <span class='ocr_line' id='line_1_3' title="bbox 125 541 1330 631; baseline -0.005 -23"><span class='ocrx_word' id='word_1_17' title='bbox 125 546 164 608; x_wconf 92' lang='lat' dir='ltr'><strong>ad</strong></span> <span class='ocrx_word' id='word_1_18' title='bbox 187 544 426 628; x_wconf 81' lang='lat' dir='ltr'><strong>collegatarium</strong></span> <span class='ocrx_word' id='word_1_19' title='bbox 446 545 616 625; x_wconf 88' lang='lat' dir='ltr'><strong>pertinebit</strong></span> <span class='ocrx_word' id='word_1_20' title='bbox 627 546 665 631; x_wconf 79' lang='grc'><strong>1).</strong></span> <span class='ocrx_word' id='word_1_21' title='bbox 692 545 779 608; x_wconf 84' lang='lat' dir='ltr'>Unde</span> <span class='ocrx_word' id='word_1_22' title='bbox 803 546 930 620; x_wconf 91' lang='lat' dir='ltr'><strong>dicitur,</strong></span> <span class='ocrx_word' id='word_1_23' title='bbox 951 545 980 606; x_wconf 86' lang='lat' dir='ltr'><strong>si</strong></span> <span class='ocrx_word' id='word_1_24' title='bbox 1002 542 1068 605; x_wconf 89' lang='lat' dir='ltr'><strong>duo</strong></span> <span class='ocrx_word' id='word_1_25' title='bbox 1089 544 1155 604; x_wconf 91' lang='lat' dir='ltr'><strong>sint</strong></span> <span class='ocrx_word' id='word_1_26' title='bbox 1175 541 1330 616; x_wconf 86' lang='lat' dir='ltr'><strong>heredes,</strong></span> 
     </span>
     <span class='ocr_line' id='line_1_4' title="bbox 123 639 1330 724; baseline -0.003 -18"><span class='ocrx_word' id='word_1_27' title='bbox 123 663 205 707; x_wconf 91' lang='lat' dir='ltr'><strong>unus</strong></span> <span class='ocrx_word' id='word_1_28' title='bbox 230 663 270 707; x_wconf 87' lang='lat' dir='ltr'><strong>ex</strong></span> <span class='ocrx_word' id='word_1_29' title='bbox 295 639 404 720; x_wconf 81' lang='lat' dir='ltr'><strong>uncia,</strong></span> <span class='ocrx_word' id='word_1_30' title='bbox 428 644 510 706; x_wconf 86' lang='lat' dir='ltr'><strong>alter</strong></span> <span class='ocrx_word' id='word_1_31' title='bbox 538 663 579 707; x_wconf 85' lang='lat' dir='ltr'><strong>ex</strong></span> <span class='ocrx_word' id='word_1_32' title='bbox 605 645 750 708; x_wconf 81' lang='lat' dir='ltr'><strong>undecim</strong></span> <span class='ocrx_word' id='word_1_33' title='bbox 771 647 890 721; x_wconf 90' lang='lat' dir='ltr'><strong>unciis,</strong></span> <span class='ocrx_word' id='word_1_34' title='bbox 914 652 946 708; x_wconf 92' lang='lat' dir='ltr'><strong>et</strong></span> <span class='ocrx_word' id='word_1_35' title='bbox 979 645 1018 706; x_wconf 89' lang='lat' dir='ltr'><strong>iis</strong></span> <span class='ocrx_word' id='word_1_36' title='bbox 1047 643 1164 706; x_wconf 87' lang='lat' dir='ltr'><strong>lundus</strong></span> <span class='ocrx_word' id='word_1_37' title='bbox 1198 643 1330 724; x_wconf 81' lang='lat' dir='ltr'><strong>legatus</strong></span> 
     </span>
     <span class='ocr_line' id='line_1_5' title="bbox 123 745 1332 826; baseline -0.007 -16"><span class='ocrx_word' id='word_1_38' title='bbox 123 749 181 823; x_wconf 88' lang='lat' dir='ltr'><strong>sit,</strong></span> <span class='ocrx_word' id='word_1_39' title='bbox 213 747 384 809; x_wconf 90' lang='lat' dir='ltr'><strong>unciarium</strong></span> <span class='ocrx_word' id='word_1_40' title='bbox 408 746 556 809; x_wconf 81' lang='lat' dir='ltr'><strong>heredem</strong></span> <span class='ocrx_word' id='word_1_41' title='bbox 585 746 730 810; x_wconf 85' lang='lat' dir='ltr'><strong>undecim</strong></span> <span class='ocrx_word' id='word_1_42' title='bbox 751 752 857 826; x_wconf 86' lang='lat' dir='ltr'><strong>partes</strong></span> <span class='ocrx_word' id='word_1_43' title='bbox 879 747 911 809; x_wconf 92' lang='lat' dir='ltr'><strong>in</strong></span> <span class='ocrx_word' id='word_1_44' title='bbox 935 745 1033 807; x_wconf 84' lang='lat' dir='ltr'><strong>tundo</strong></span> <span class='ocrx_word' id='word_1_45' title='bbox 1055 745 1247 818; x_wconf 84' lang='lat' dir='ltr'><strong>habiturum,</strong></span> <span class='ocrx_word' id='word_1_46' title='bbox 1271 759 1332 803; x_wconf 86' lang='lat' dir='ltr'><strong>oo-</strong></span> 
     </span>
     <span class='ocr_line' id='line_1_6' title="bbox 122 847 470 934; baseline -0.003 -26"><span class='ocrx_word' id='word_1_47' title='bbox 122 847 273 909; x_wconf 90' lang='lat' dir='ltr'><strong>heredem</strong></span> <span class='ocrx_word' id='word_1_48' title='bbox 294 849 416 908; x_wconf 87' lang='lat' dir='ltr'><strong>unciam</strong></span> <span class='ocrx_word' id='word_1_49' title='bbox 430 847 470 934; x_wconf 83' lang='lat'><strong>²).</strong></span> 
     </span>
    </p>

    <p class='ocr_par' dir='ltr' id='par_1_3' title="bbox 120 943 1332 1534">
     <span class='ocr_line' id='line_1_7' title="bbox 164 943 1331 1029; baseline -0.006 -18"><span class='ocrx_word' id='word_1_50' title='bbox 164 951 195 1029; x_wconf 71' lang='lat'><strong>§-</strong></span> <span class='ocrx_word' id='word_1_51' title='bbox 208 947 281 1011; x_wconf 83' lang='lat'><strong>681.</strong></span> <span class='ocrx_word' id='word_1_52' title='bbox 326 945 402 1008; x_wconf 88' lang='lat' dir='ltr'><strong>Cum</strong></span> <span class='ocrx_word' id='word_1_53' title='bbox 425 948 599 1009; x_wconf 87' lang='lat' dir='ltr'><strong>novissimo</strong></span> <span class='ocrx_word' id='word_1_54' title='bbox 620 948 689 1009; x_wconf 89' lang='lat' dir='ltr'><strong>iure</strong></span> <span class='ocrx_word' id='word_1_55' title='bbox 712 965 840 1010; x_wconf 90' lang='lat' dir='ltr'><strong>romano</strong></span> <span class='ocrx_word' id='word_1_56' title='bbox 868 950 901 1009; x_wconf 91' lang='lat' dir='ltr'><strong>in</strong></span> <span class='ocrx_word' id='word_1_57' title='bbox 930 946 1048 1029; x_wconf 77' lang='lat' dir='ltr'><strong>legatis</strong></span> <span class='ocrx_word' id='word_1_58' title='bbox 1077 944 1131 1008; x_wconf 84' lang='lat' dir='ltr'><strong>vel</strong></span> <span class='ocrx_word' id='word_1_59' title='bbox 1159 943 1331 1006; x_wconf 86' lang='lat' dir='ltr'><strong>fideicom-</strong></span> 
     </span>
     <span class='ocr_line' id='line_1_8' title="bbox 122 1045 1329 1127; baseline -0.003 -18"><span class='ocrx_word' id='word_1_60' title='bbox 122 1050 245 1124; x_wconf 88' lang='lat' dir='ltr'><strong>missis,</strong></span> <span class='ocrx_word' id='word_1_61' title='bbox 277 1065 341 1110; x_wconf 92' lang='lat' dir='ltr'><strong>non</strong></span> <span class='ocrx_word' id='word_1_62' title='bbox 360 1050 541 1110; x_wconf 85' lang='lat' dir='ltr'><strong>necessarie</strong></span> <span class='ocrx_word' id='word_1_63' title='bbox 563 1050 606 1109; x_wconf 91' lang='lat' dir='ltr'><strong>sit</strong></span> <span class='ocrx_word' id='word_1_64' title='bbox 626 1049 796 1110; x_wconf 87' lang='lat' dir='ltr'><strong>verborum</strong></span> <span class='ocrx_word' id='word_1_65' title='bbox 818 1048 1081 1127; x_wconf 70' lang='lat' dir='ltr'><strong>observantia2l,</strong></span> <span class='ocrx_word' id='word_1_66' title='bbox 1112 1045 1157 1107; x_wconf 92' lang='lat' dir='ltr'><strong>nil</strong></span> <span class='ocrx_word' id='word_1_67' title='bbox 1190 1059 1329 1126; x_wconf 90' lang='lat' dir='ltr'><strong>prorsus</strong></span> 
     </span>
     <span class='ocr_line' id='line_1_9' title="bbox 122 1145 1330 1228; baseline -0.004 -19"><span class='ocrx_word' id='word_1_68' title='bbox 122 1149 265 1222; x_wconf 88' lang='lat' dir='ltr'><strong>interest,</strong></span> <span class='ocrx_word' id='word_1_69' title='bbox 288 1148 403 1228; x_wconf 87' lang='lat' dir='ltr'><strong>quibus</strong></span> <span class='ocrx_word' id='word_1_70' title='bbox 424 1149 532 1211; x_wconf 85' lang='lat' dir='ltr'><strong>verbis</strong></span> <span class='ocrx_word' id='word_1_71' title='bbox 556 1153 690 1210; x_wconf 86' lang='lat' dir='ltr'><strong>testator</strong></span> <span class='ocrx_word' id='word_1_72' title='bbox 709 1165 787 1209; x_wconf 91' lang='lat' dir='ltr'><strong>usus</strong></span> <span class='ocrx_word' id='word_1_73' title='bbox 806 1151 864 1210; x_wconf 86' lang='lat' dir='ltr'><strong>sit:</strong></span> <span class='ocrx_word' id='word_1_74' title='bbox 892 1147 1060 1211; x_wconf 86' lang='lat' dir='ltr'><strong>dummodo</strong></span> <span class='ocrx_word' id='word_1_75' title='bbox 1082 1145 1231 1210; x_wconf 84' lang='lat' dir='ltr'><strong>voluntas</strong></span> <span class='ocrx_word' id='word_1_76' title='bbox 1257 1145 1330 1206; x_wconf 89' lang='lat' dir='ltr'><strong>eius</strong></span> 
     </span>
     <span class='ocr_line' id='line_1_10' title="bbox 122 1245 1332 1329; baseline -0.006 -18"><span class='ocrx_word' id='word_1_77' title='bbox 122 1253 265 1324; x_wconf 88' lang='lat' dir='ltr'><strong>constet,</strong></span> <span class='ocrx_word' id='word_1_78' title='bbox 289 1252 349 1309; x_wconf 90' lang='lat' dir='ltr'><strong>tam</strong></span> <span class='ocrx_word' id='word_1_79' title='bbox 371 1250 404 1309; x_wconf 92' lang='lat' dir='ltr'><strong>in</strong></span> <span class='ocrx_word' id='word_1_80' title='bbox 421 1266 458 1309; x_wconf 90' lang='lat' dir='ltr'><strong>re</strong></span> <span class='ocrx_word' id='word_1_81' title='bbox 478 1266 549 1329; x_wconf 84' lang='lat' dir='ltr'><strong>qnae</strong></span> <span class='ocrx_word' id='word_1_82' title='bbox 569 1251 778 1329; x_wconf 79' lang='lat' dir='ltr'><strong>relinquitur,</strong></span> <span class='ocrx_word' id='word_1_83' title='bbox 801 1266 894 1328; x_wconf 64' lang='lat' dir='ltr'><strong>mam</strong></span> <span class='ocrx_word' id='word_1_84' title='bbox 915 1250 946 1310; x_wconf 92' lang='lat' dir='ltr'><strong>in</strong></span> <span class='ocrx_word' id='word_1_85' title='bbox 969 1265 1126 1329; x_wconf 88' lang='lat' dir='ltr'><strong>persona,</strong></span> <span class='ocrx_word' id='word_1_86' title='bbox 1148 1246 1201 1309; x_wconf 88' lang='lat' dir='ltr'><strong>cui</strong></span> <span class='ocrx_word' id='word_1_87' title='bbox 1221 1245 1332 1307; x_wconf 89' lang='lat' dir='ltr'><strong>relin-</strong></span> 
     </span>
     <span class='ocr_line' id='line_1_11' title="bbox 122 1344 1332 1434; baseline 0 -27"><span class='ocrx_word' id='word_1_88' title='bbox 122 1348 280 1433; x_wconf 82' lang='lat' dir='ltr'><strong>quitur⁴).</strong></span> <span class='ocrx_word' id='word_1_89' title='bbox 324 1347 401 1410; x_wconf 88' lang='lat' dir='ltr'><strong>inde</strong></span> <span class='ocrx_word' id='word_1_90' title='bbox 423 1355 455 1410; x_wconf 90' lang='lat' dir='ltr'><strong>et</strong></span> <span class='ocrx_word' id='word_1_91' title='bbox 477 1353 591 1430; x_wconf 85' lang='lat' dir='ltr'><strong>quavis</strong></span> <span class='ocrx_word' id='word_1_92' title='bbox 618 1349 726 1434; x_wconf 83' lang='lat' dir='ltr'><strong>lingua</strong></span> <span class='ocrx_word' id='word_1_93' title='bbox 749 1349 854 1432; x_wconf 79' lang='lat' dir='ltr'><strong>legata</strong></span> <span class='ocrx_word' id='word_1_94' title='bbox 877 1349 930 1411; x_wconf 88' lang='lat' dir='ltr'><strong>vel</strong></span> <span class='ocrx_word' id='word_1_95' title='bbox 957 1349 1198 1413; x_wconf 87' lang='lat' dir='ltr'><strong>fideicommissa</strong></span> <span class='ocrx_word' id='word_1_96' title='bbox 1219 1344 1332 1409; x_wconf 90' lang='lat' dir='ltr'><strong>relin-</strong></span> 
     </span>
     <span class='ocr_line' id='line_1_12' title="bbox 120 1449 379 1534; baseline -0.008 -25"><span class='ocrx_word' id='word_1_97' title='bbox 120 1451 176 1530; x_wconf 87' lang='lat' dir='ltr'><strong>qui</strong></span> <span class='ocrx_word' id='word_1_98' title='bbox 198 1455 330 1528; x_wconf 91' lang='lat' dir='ltr'><strong>possunt</strong></span> <span class='ocrx_word' id='word_1_99' title='bbox 339 1449 379 1534; x_wconf 85' lang='lat'><strong>⁵).</strong></span> 
     </span>
    </p>

    <p class='ocr_par' dir='ltr' id='par_1_4' title="bbox 121 1547 1334 1934">
     <span class='ocr_line' id='line_1_13' title="bbox 164 1547 1334 1632; baseline 0.004 -25"><span class='ocrx_word' id='word_1_100' title='bbox 164 1547 271 1629; x_wconf 83' lang='lat' dir='ltr'><strong>Veteri</strong></span> <span class='ocrx_word' id='word_1_101' title='bbox 291 1552 361 1611; x_wconf 92' lang='lat' dir='ltr'><strong>iure</strong></span> <span class='ocrx_word' id='word_1_102' title='bbox 384 1548 490 1632; x_wconf 81' lang='lat' dir='ltr'><strong>legata</strong></span> <span class='ocrx_word' id='word_1_103' title='bbox 513 1556 586 1612; x_wconf 90' lang='lat' dir='ltr'><strong>ante</strong></span> <span class='ocrx_word' id='word_1_104' title='bbox 608 1549 736 1613; x_wconf 88' lang='lat' dir='ltr'><strong>heredis</strong></span> <span class='ocrx_word' id='word_1_105' title='bbox 755 1553 984 1614; x_wconf 87' lang='lat' dir='ltr'><strong>institutionem</strong></span> <span class='ocrx_word' id='word_1_106' title='bbox 1001 1553 1033 1613; x_wconf 93' lang='lat' dir='ltr'><strong>in</strong></span> <span class='ocrx_word' id='word_1_107' title='bbox 1044 1555 1236 1614; x_wconf 84' lang='lat' dir='ltr'><strong>testamento</strong></span> <span class='ocrx_word' id='word_1_108' title='bbox 1250 1553 1334 1613; x_wconf 89' lang='lat' dir='ltr'><strong>inu-</strong></span> 
     </span>
     <span class='ocr_line' id='line_1_14' title="bbox 122 1649 1334 1734; baseline 0.004 -25"><span class='ocrx_word' id='word_1_109' title='bbox 122 1649 220 1710; x_wconf 89' lang='lat' dir='ltr'><strong>tiliter</strong></span> <span class='ocrx_word' id='word_1_110' title='bbox 240 1649 518 1730; x_wconf 82' lang='lat' dir='ltr'><strong>relinquebantur,</strong></span> <span class='ocrx_word' id='word_1_111' title='bbox 543 1652 615 1713; x_wconf 91' lang='lat' dir='ltr'><strong>item</strong></span> <span class='ocrx_word' id='word_1_112' title='bbox 644 1658 715 1732; x_wconf 91' lang='lat' dir='ltr'><strong>post</strong></span> <span class='ocrx_word' id='word_1_113' title='bbox 743 1658 873 1714; x_wconf 90' lang='lat' dir='ltr'><strong>mortem</strong></span> <span class='ocrx_word' id='word_1_114' title='bbox 902 1652 1031 1715; x_wconf 81' lang='lat' dir='ltr'><strong>heredis</strong></span> <span class='ocrx_word' id='word_1_115' title='bbox 1058 1651 1240 1734; x_wconf 75' lang='lat' dir='ltr'><strong>praestanda</strong></span> <span class='ocrx_word' id='word_1_116' title='bbox 1268 1671 1334 1715; x_wconf 91' lang='lat' dir='ltr'><strong>nec</strong></span> 
     </span>
     <span class='ocr_line' id='line_1_15' title="bbox 121 1751 1333 1832; baseline 0.004 -22"><span class='ocrx_word' id='word_1_117' title='bbox 121 1767 184 1811; x_wconf 91' lang='lat' dir='ltr'><strong>non</strong></span> <span class='ocrx_word' id='word_1_118' title='bbox 205 1767 306 1830; x_wconf 83' lang='lat' dir='ltr'><strong>poenae</strong></span> <span class='ocrx_word' id='word_1_119' title='bbox 327 1751 452 1812; x_wconf 90' lang='lat' dir='ltr'><strong>nomine</strong></span> <span class='ocrx_word' id='word_1_120' title='bbox 465 1751 504 1812; x_wconf 88' lang='lat' dir='ltr'><strong>ad</strong></span> <span class='ocrx_word' id='word_1_121' title='bbox 516 1752 725 1813; x_wconf 75' lang='lat' dir='ltr'><strong>coercendum</strong></span> <span class='ocrx_word' id='word_1_122' title='bbox 748 1751 896 1815; x_wconf 88' lang='lat' dir='ltr'><strong>heredem</strong></span> <span class='ocrx_word' id='word_1_123' title='bbox 916 1755 1052 1832; x_wconf 85' lang='lat' dir='ltr'><strong>seripta;</strong></span> <span class='ocrx_word' id='word_1_124' title='bbox 1076 1752 1275 1816; x_wconf 84' lang='lat' dir='ltr'><strong>iustinianus</strong></span> <span class='ocrx_word' id='word_1_125' title='bbox 1298 1756 1333 1815; x_wconf 92' lang='lat' dir='ltr'><strong>in</strong></span> 
     </span>
     <span class='ocr_line' id='line_1_16' title="bbox 121 1851 1079 1934; baseline 0 -21"><span class='ocrx_word' id='word_1_126' title='bbox 121 1851 266 1913; x_wconf 89' lang='lat' dir='ltr'><strong>omnibus</strong></span> <span class='ocrx_word' id='word_1_127' title='bbox 288 1851 337 1912; x_wconf 90' lang='lat' dir='ltr'><strong>his</strong></span> <span class='ocrx_word' id='word_1_128' title='bbox 358 1852 484 1914; x_wconf 89' lang='lat' dir='ltr'><strong>casibus</strong></span> <span class='ocrx_word' id='word_1_129' title='bbox 506 1851 616 1915; x_wconf 85' lang='lat' dir='ltr'><strong>relicte</strong></span> <span class='ocrx_word' id='word_1_130' title='bbox 640 1852 744 1934; x_wconf 81' lang='lat' dir='ltr'><strong>legate</strong></span> <span class='ocrx_word' id='word_1_131' title='bbox 767 1853 876 1915; x_wconf 86' lang='lat' dir='ltr'><strong>valere</strong></span> <span class='ocrx_word' id='word_1_132' title='bbox 896 1855 1079 1934; x_wconf 67' lang='lat' dir='ltr'><strong>sancivitt).</strong></span> 
     </span>
    </p>

    <p class='ocr_par' dir='ltr' id='par_1_5' title="bbox 119 1950 1334 2240">
     <span class='ocr_line' id='line_1_17' title="bbox 162 1950 1333 2033; baseline 0.003 -20"><span class='ocrx_word' id='word_1_133' title='bbox 162 1950 283 2024; x_wconf 85' lang='lat' dir='ltr'><strong>Quodsi</strong></span> <span class='ocrx_word' id='word_1_134' title='bbox 315 1969 394 2013; x_wconf 85' lang='lat' dir='ltr'><strong>vero</strong></span> <span class='ocrx_word' id='word_1_135' title='bbox 430 1954 608 2014; x_wconf 83' lang='lat' dir='ltr'><strong>testamenti</strong></span> <span class='ocrx_word' id='word_1_136' title='bbox 642 1952 760 2014; x_wconf 87' lang='lat' dir='ltr'><strong>conditi</strong></span> <span class='ocrx_word' id='word_1_137' title='bbox 795 1959 935 2033; x_wconf 88' lang='lat' dir='ltr'><strong>tempore</strong></span> <span class='ocrx_word' id='word_1_138' title='bbox 962 1953 1158 2017; x_wconf 87' lang='lat' dir='ltr'><strong>decessisset</strong></span> <span class='ocrx_word' id='word_1_139' title='bbox 1180 1959 1333 2030; x_wconf 76' lang='lat' dir='ltr'><strong>testator,</strong></span> 
     </span>
     <span class='ocr_line' id='line_1_18' title="bbox 119 2052 1334 2135; baseline 0.003 -22"><span class='ocrx_word' id='word_1_140' title='bbox 119 2052 232 2113; x_wconf 92' lang='lat' dir='ltr'><strong>inutile</strong></span> <span class='ocrx_word' id='word_1_141' title='bbox 253 2052 347 2128; x_wconf 81' lang='lat' dir='ltr'><strong>toret,</strong></span> <span class='ocrx_word' id='word_1_142' title='bbox 369 2053 401 2114; x_wconf 91' lang='lat' dir='ltr'><strong>id</strong></span> <span class='ocrx_word' id='word_1_143' title='bbox 424 2052 562 2135; x_wconf 81' lang='lat' dir='ltr'><strong>legatum</strong></span> <span class='ocrx_word' id='word_1_144' title='bbox 588 2052 840 2133; x_wconf 89' lang='lat' dir='ltr'><strong>quandocunque</strong></span> <span class='ocrx_word' id='word_1_145' title='bbox 863 2054 1013 2131; x_wconf 89' lang='lat' dir='ltr'><strong>decessit,</strong></span> <span class='ocrx_word' id='word_1_146' title='bbox 1035 2071 1100 2116; x_wconf 90' lang='lat' dir='ltr'><strong>non</strong></span> <span class='ocrx_word' id='word_1_147' title='bbox 1125 2056 1224 2117; x_wconf 85' lang='lat' dir='ltr'><strong>valet.</strong></span> <span class='ocrx_word' id='word_1_148' title='bbox 1262 2055 1334 2118; x_wconf 90' lang='lat' dir='ltr'><strong>lloc</strong></span> 
     </span>
     <span class='ocr_line' id='line_1_19' title="bbox 120 2152 997 2240; baseline 0.001 -28"><span class='ocrx_word' id='word_1_149' title='bbox 120 2152 291 2215; x_wconf 82' lang='lat' dir='ltr'><strong>Catoniana</strong></span> <span class='ocrx_word' id='word_1_150' title='bbox 315 2152 401 2236; x_wconf 81' lang='lat' dir='ltr'><strong>(quae</strong></span> <span class='ocrx_word' id='word_1_151' title='bbox 423 2153 554 2239; x_wconf 90' lang='lat' dir='ltr'><strong>dicitur)</strong></span> <span class='ocrx_word' id='word_1_152' title='bbox 577 2153 689 2235; x_wconf 84' lang='lat' dir='ltr'><strong>regula</strong></span> <span class='ocrx_word' id='word_1_153' title='bbox 713 2153 875 2216; x_wconf 89' lang='lat' dir='ltr'><strong>delinitum</strong></span> <span class='ocrx_word' id='word_1_154' title='bbox 898 2153 997 2240; x_wconf 68' lang='lat' dir='ltr'><strong>esti).</strong></span> 
     </span>
    </p>

    <p class='ocr_par' dir='ltr' id='par_1_6' title="bbox 117 2251 1385 3244">
     <span class='ocr_line' id='line_1_20' title="bbox 164 2251 1333 2335; baseline 0.003 -19"><span class='ocrx_word' id='word_1_155' title='bbox 164 2255 195 2334; x_wconf 67' lang='grc' dir='ltr'><strong>ξ.</strong></span> <span class='ocrx_word' id='word_1_156' title='bbox 209 2252 282 2316; x_wconf 86' lang='grc'>682.</span> <span class='ocrx_word' id='word_1_157' title='bbox 325 2251 442 2335; x_wconf 77' lang='lat' dir='ltr'><strong>Legati</strong></span> <span class='ocrx_word' id='word_1_158' title='bbox 463 2253 515 2314; x_wconf 86' lang='lat' dir='ltr'><strong>vel</strong></span> <span class='ocrx_word' id='word_1_159' title='bbox 538 2272 596 2333; x_wconf 90' lang='lat' dir='ltr'><strong>per</strong></span> <span class='ocrx_word' id='word_1_160' title='bbox 616 2253 889 2317; x_wconf 87' lang='lat' dir='ltr'><strong>fideicommissum</strong></span> <span class='ocrx_word' id='word_1_161' title='bbox 910 2253 1047 2334; x_wconf 90' lang='lat' dir='ltr'><strong>relinqui</strong></span> <span class='ocrx_word' id='word_1_162' title='bbox 1069 2261 1208 2335; x_wconf 85' lang='lat' dir='ltr'><strong>possunt</strong></span> <span class='ocrx_word' id='word_1_163' title='bbox 1224 2259 1333 2320; x_wconf 89' lang='lat' dir='ltr'><strong>omnia</strong></span> 
     </span>
     <span class='ocr_line' id='line_1_21' title="bbox 119 2353 1335 2443; baseline 0.005 -29"><span class='ocrx_word' id='word_1_164' title='bbox 119 2371 253 2432; x_wconf 91' lang='lat' dir='ltr'><strong>corpora</strong></span> <span class='ocrx_word' id='word_1_165' title='bbox 275 2358 306 2414; x_wconf 92' lang='lat' dir='ltr'><strong>et</strong></span> <span class='ocrx_word' id='word_1_166' title='bbox 328 2354 407 2428; x_wconf 92' lang='lat' dir='ltr'><strong>iura,</strong></span> <span class='ocrx_word' id='word_1_167' title='bbox 432 2353 616 2430; x_wconf 86' lang='lat' dir='ltr'><strong>servitutes,</strong></span> <span class='ocrx_word' id='word_1_168' title='bbox 639 2359 671 2414; x_wconf 90' lang='lat' dir='ltr'><strong>et</strong></span> <span class='ocrx_word' id='word_1_169' title='bbox 685 2359 807 2416; x_wconf 76' lang='lat' dir='ltr'><strong>cetere</strong></span> <span class='ocrx_word' id='word_1_170' title='bbox 819 2372 872 2417; x_wconf 88' lang='lat' dir='ltr'><strong>res</strong></span> <span class='ocrx_word' id='word_1_171' title='bbox 885 2353 1106 2434; x_wconf 88' lang='lat' dir='ltr'><strong>incorporales</strong></span> <span class='ocrx_word' id='word_1_172' title='bbox 1114 2357 1165 2443; x_wconf 74' lang='grc'><strong>8);</strong></span> <span class='ocrx_word' id='word_1_173' title='bbox 1191 2361 1257 2420; x_wconf 89' lang='lat' dir='ltr'><strong>tam</strong></span> <span class='ocrx_word' id='word_1_174' title='bbox 1272 2374 1335 2434; x_wconf 79' lang='lat' dir='ltr'><strong>ete,</strong></span> 
     </span>
     <span class='ocr_line' id='line_1_22' title="bbox 122 2455 1368 2536; baseline 0.006 -23"><span class='ocrx_word' id='word_1_175' title='bbox 122 2470 193 2534; x_wconf 78' lang='lat' dir='ltr'><strong>quae</strong></span> <span class='ocrx_word' id='word_1_176' title='bbox 213 2455 248 2514; x_wconf 90' lang='lat' dir='ltr'><strong>in</strong></span> <span class='ocrx_word' id='word_1_177' title='bbox 267 2471 372 2514; x_wconf 88' lang='lat' dir='ltr'><strong>rerum</strong></span> <span class='ocrx_word' id='word_1_178' title='bbox 397 2458 507 2514; x_wconf 89' lang='lat' dir='ltr'><strong>natura</strong></span> <span class='ocrx_word' id='word_1_179' title='bbox 533 2455 593 2515; x_wconf 92' lang='lat' dir='ltr'><strong>iam</strong></span> <span class='ocrx_word' id='word_1_180' title='bbox 613 2460 698 2530; x_wconf 90' lang='lat' dir='ltr'><strong>sunt,</strong></span> <span class='ocrx_word' id='word_1_181' title='bbox 720 2473 811 2535; x_wconf 86' lang='lat' dir='ltr'><strong>quam</strong></span> <span class='ocrx_word' id='word_1_182' title='bbox 837 2472 907 2536; x_wconf 82' lang='lat' dir='ltr'><strong>quae</strong></span> <span class='ocrx_word' id='word_1_183' title='bbox 921 2455 1047 2531; x_wconf 80' lang='lat' dir='ltr'><strong>future,</strong></span> <span class='ocrx_word' id='word_1_184' title='bbox 1069 2455 1333 2535; x_wconf 70' lang='lat' dir='ltr'><strong>volunluntas,</strong></span> <span class='ocrx_word' id='word_1_185' title='bbox 1365 2485 1368 2490; x_wconf 94' lang='lat'>·</span> 
     </span>
     <span class='ocr_line' id='line_1_23' title="bbox 120 2551 1385 2637; baseline 0.007 -24"><span class='ocrx_word' id='word_1_186' title='bbox 120 2555 227 2633; x_wconf 90' lang='lat' dir='ltr'><strong>quiin</strong></span> <span class='ocrx_word' id='word_1_187' title='bbox 250 2551 308 2614; x_wconf 95' lang='lat' dir='ltr'><strong>illo</strong></span> <span class='ocrx_word' id='word_1_188' title='bbox 330 2552 428 2615; x_wconf 87' lang='lat' dir='ltr'><strong>iundo</strong></span> <span class='ocrx_word' id='word_1_189' title='bbox 452 2553 515 2614; x_wconf 88' lang='lat' dir='ltr'><strong>nati</strong></span> <span class='ocrx_word' id='word_1_190' title='bbox 537 2553 687 2632; x_wconf 70' lang='lat' dir='ltr'><strong>erunt⁹l3</strong></span> <span class='ocrx_word' id='word_1_191' title='bbox 709 2556 784 2616; x_wconf 90' lang='lat' dir='ltr'><strong>item</strong></span> <span class='ocrx_word' id='word_1_192' title='bbox 805 2573 867 2618; x_wconf 94' lang='lat' dir='ltr'><strong>non</strong></span> <span class='ocrx_word' id='word_1_193' title='bbox 890 2556 994 2618; x_wconf 87' lang='lat' dir='ltr'><strong>solum</strong></span> <span class='ocrx_word' id='word_1_194' title='bbox 1017 2558 1183 2620; x_wconf 80' lang='lat' dir='ltr'><strong>testatoris</strong></span> <span class='ocrx_word' id='word_1_195' title='bbox 1198 2558 1255 2620; x_wconf 86' lang='lat' dir='ltr'><strong>vel</strong></span> <span class='ocrx_word' id='word_1_196' title='bbox 1269 2559 1335 2622; x_wconf 83' lang='lat' dir='ltr'><strong>lie-</strong></span> <span class='ocrx_word' id='word_1_197' title='bbox 1382 2633 1385 2637; x_wconf 44' lang='grc'>,</span> 
     </span>
     <span class='ocr_line' id='line_1_24' title="bbox 117 2653 1334 2742; baseline 0.007 -27"><span class='ocrx_word' id='word_1_198' title='bbox 117 2653 205 2715; x_wconf 87' lang='lat' dir='ltr'><strong>redis</strong></span> <span class='ocrx_word' id='word_1_199' title='bbox 229 2669 294 2728; x_wconf 88' lang='lat' dir='ltr'><strong>res,</strong></span> <span class='ocrx_word' id='word_1_200' title='bbox 315 2653 372 2715; x_wconf 88' lang='lat' dir='ltr'><strong>sed</strong></span> <span class='ocrx_word' id='word_1_201' title='bbox 392 2656 484 2716; x_wconf 89' lang='lat' dir='ltr'><strong>etiarn</strong></span> <span class='ocrx_word' id='word_1_202' title='bbox 506 2653 668 2740; x_wconf 79' lang='lat' dir='ltr'><strong>alicnae10)</strong></span> <span class='ocrx_word' id='word_1_203' title='bbox 679 2674 688 2729; x_wconf 94' lang='lat'>;</span> <span class='ocrx_word' id='word_1_204' title='bbox 712 2656 850 2738; x_wconf 88' lang='lat' dir='ltr'><strong>denique</strong></span> <span class='ocrx_word' id='word_1_205' title='bbox 869 2658 1010 2720; x_wconf 82' lang='lat' dir='ltr'><strong>damnari</strong></span> <span class='ocrx_word' id='word_1_206' title='bbox 1024 2659 1078 2721; x_wconf 87' lang='lat' dir='ltr'><strong>vel</strong></span> <span class='ocrx_word' id='word_1_207' title='bbox 1097 2661 1213 2742; x_wconf 80' lang='lat' dir='ltr'><strong>rogari</strong></span> <span class='ocrx_word' id='word_1_208' title='bbox 1232 2660 1334 2723; x_wconf 80' lang='lat' dir='ltr'><strong>lieren</strong></span> 
     </span>
     <span class='ocr_line' id='line_1_25' title="bbox 117 2752 1333 2847; baseline 0.008 -33"><span class='ocrx_word' id='word_1_209' title='bbox 117 2757 235 2834; x_wconf 83' lang='lat' dir='ltr'><strong>potest,</strong></span> <span class='ocrx_word' id='word_1_210' title='bbox 257 2757 293 2813; x_wconf 90' lang='lat' dir='ltr'><strong>ut</strong></span> <span class='ocrx_word' id='word_1_211' title='bbox 316 2752 434 2834; x_wconf 86' lang='lat' dir='ltr'><strong>aliquid</strong></span> <span class='ocrx_word' id='word_1_212' title='bbox 457 2754 561 2830; x_wconf 80' lang='lat' dir='ltr'><strong>iaciat,</strong></span> <span class='ocrx_word' id='word_1_213' title='bbox 584 2755 673 2817; x_wconf 86' lang='lat' dir='ltr'><strong>volnt</strong></span> <span class='ocrx_word' id='word_1_214' title='bbox 695 2773 776 2836; x_wconf 90' lang='lat' dir='ltr'><strong>opus</strong></span> <span class='ocrx_word' id='word_1_215' title='bbox 795 2757 982 2838; x_wconf 78' lang='lat' dir='ltr'><strong>reipublice</strong></span> <span class='ocrx_word' id='word_1_216' title='bbox 995 2761 1048 2847; x_wconf 80' lang='lat' dir='ltr'><strong>l¹).</strong></span> <span class='ocrx_word' id='word_1_217' title='bbox 1079 2759 1158 2834; x_wconf 80' lang='lat' dir='ltr'><strong>Quae</strong></span> <span class='ocrx_word' id='word_1_218' title='bbox 1171 2763 1206 2823; x_wconf 91' lang='lat' dir='ltr'><strong>in</strong></span> <span class='ocrx_word' id='word_1_219' title='bbox 1219 2778 1333 2825; x_wconf 91' lang='lat' dir='ltr'><strong>rerum</strong></span> 
     </span>
     <span class='ocr_line' id='line_1_26' title="bbox 123 2856 1334 2947; baseline 0.007 -32"><span class='ocrx_word' id='word_1_220' title='bbox 123 2858 234 2915; x_wconf 87' lang='lat' dir='ltr'><strong>natura</strong></span> <span class='ocrx_word' id='word_1_221' title='bbox 257 2870 329 2915; x_wconf 88' lang='lat' dir='ltr'><strong>esse</strong></span> <span class='ocrx_word' id='word_1_222' title='bbox 353 2856 479 2917; x_wconf 90' lang='lat' dir='ltr'><strong>omnino</strong></span> <span class='ocrx_word' id='word_1_223' title='bbox 503 2873 566 2917; x_wconf 90' lang='lat' dir='ltr'><strong>non</strong></span> <span class='ocrx_word' id='word_1_224' title='bbox 589 2863 740 2935; x_wconf 83' lang='lat' dir='ltr'><strong>possunt,</strong></span> <span class='ocrx_word' id='word_1_225' title='bbox 766 2875 825 2920; x_wconf 90' lang='lat' dir='ltr'><strong>nee</strong></span> <span class='ocrx_word' id='word_1_226' title='bbox 854 2857 955 2941; x_wconf 86' lang='lat' dir='ltr'><strong>legari</strong></span> <span class='ocrx_word' id='word_1_227' title='bbox 976 2867 1113 2940; x_wconf 87' lang='lat' dir='ltr'><strong>possunt</strong></span> <span class='ocrx_word' id='word_1_228' title='bbox 1125 2860 1189 2947; x_wconf 70' lang='grc'><strong>1’);</strong></span> <span class='ocrx_word' id='word_1_229' title='bbox 1222 2879 1334 2943; x_wconf 88' lang='lat' dir='ltr'><strong>neque</strong></span> 
     </span>
     <span class='ocr_line' id='line_1_27' title="bbox 120 2954 1333 3039; baseline 0.007 -24"><span class='ocrx_word' id='word_1_230' title='bbox 120 2954 222 3034; x_wconf 83' lang='lat' dir='ltr'><strong>magis</strong></span> <span class='ocrx_word' id='word_1_231' title='bbox 243 2970 297 3014; x_wconf 89' lang='lat' dir='ltr'><strong>res</strong></span> <span class='ocrx_word' id='word_1_232' title='bbox 320 2970 390 3032; x_wconf 86' lang='lat' dir='ltr'><strong>qnae</strong></span> <span class='ocrx_word' id='word_1_233' title='bbox 411 2959 498 3015; x_wconf 79' lang='lat' dir='ltr'><strong>extm</strong></span> <span class='ocrx_word' id='word_1_234' title='bbox 518 2956 739 3033; x_wconf 87' lang='lat' dir='ltr'><strong>patrimonium</strong></span> <span class='ocrx_word' id='word_1_235' title='bbox 759 2955 925 3035; x_wconf 88' lang='lat' dir='ltr'><strong>habentur,</strong></span> <span class='ocrx_word' id='word_1_236' title='bbox 947 2965 1001 3021; x_wconf 85' lang='lat' dir='ltr'><strong>eut</strong></span> <span class='ocrx_word' id='word_1_237' title='bbox 1018 2976 1152 3039; x_wconf 87' lang='lat' dir='ltr'><strong>quarum</strong></span> <span class='ocrx_word' id='word_1_238' title='bbox 1166 2962 1333 3026; x_wconf 64' lang='lat' dir='ltr'><strong>commerss-</strong></span> 
     </span>
     <span class='ocr_line' id='line_1_28' title="bbox 120 3052 1333 3135; baseline 0.009 -21"><span class='ocrx_word' id='word_1_239' title='bbox 120 3054 204 3114; x_wconf 87' lang='lat' dir='ltr'><strong>cium</strong></span> <span class='ocrx_word' id='word_1_240' title='bbox 226 3053 401 3133; x_wconf 84' lang='lat' dir='ltr'><strong>legatarius</strong></span> <span class='ocrx_word' id='word_1_241' title='bbox 423 3070 486 3115; x_wconf 92' lang='lat' dir='ltr'><strong>non</strong></span> <span class='ocrx_word' id='word_1_242' title='bbox 509 3052 620 3130; x_wconf 92' lang='lat' dir='ltr'><strong>habet,</strong></span> <span class='ocrx_word' id='word_1_243' title='bbox 651 3072 720 3135; x_wconf 78' lang='lat' dir='ltr'><strong>qute</strong></span> <span class='ocrx_word' id='word_1_244' title='bbox 743 3057 772 3118; x_wconf 93' lang='lat' dir='ltr'><strong>si</strong></span> <span class='ocrx_word' id='word_1_245' title='bbox 801 3056 911 3119; x_wconf 86' lang='lat' dir='ltr'><strong>relicta</strong></span> <span class='ocrx_word' id='word_1_246' title='bbox 943 3056 1040 3121; x_wconf 85' lang='lat' dir='ltr'><strong>suerit</strong></span> <span class='ocrx_word' id='word_1_247' title='bbox 1069 3078 1131 3122; x_wconf 90' lang='lat' dir='ltr'><strong>nec</strong></span> <span class='ocrx_word' id='word_1_248' title='bbox 1155 3063 1333 3135; x_wconf 75' lang='lat' dir='ltr'><strong>=estimatio</strong></span> 
     </span>
     <span class='ocr_line' id='line_1_29' title="bbox 120 3149 1334 3244; baseline 0.009 -31"><span class='ocrx_word' id='word_1_249' title='bbox 120 3152 190 3213; x_wconf 90' lang='lat' dir='ltr'><strong>eius</strong></span> <span class='ocrx_word' id='word_1_250' title='bbox 216 3149 349 3213; x_wconf 87' lang='lat' dir='ltr'><strong>debetur</strong></span> <span class='ocrx_word' id='word_1_251' title='bbox 359 3151 411 3240; x_wconf 79' lang='lat'><strong>¹⁸).</strong></span> <span class='ocrx_word' id='word_1_252' title='bbox 440 3152 474 3214; x_wconf 96' lang='lat' dir='ltr'><strong>ld</strong></span> <span class='ocrx_word' id='word_1_253' title='bbox 497 3153 580 3234; x_wconf 95' lang='lat' dir='ltr'><strong>quod</strong></span> <span class='ocrx_word' id='word_1_254' title='bbox 604 3156 687 3236; x_wconf 91' lang='lat' dir='ltr'><strong>apud</strong></span> <span class='ocrx_word' id='word_1_255' title='bbox 708 3155 817 3220; x_wconf 88' lang='lat' dir='ltr'><strong>hostes</strong></span> <span class='ocrx_word' id='word_1_256' title='bbox 839 3164 900 3235; x_wconf 89' lang='lat' dir='ltr'><strong>est,</strong></span> <span class='ocrx_word' id='word_1_257' title='bbox 922 3157 1026 3242; x_wconf 80' lang='lat' dir='ltr'><strong>legari</strong></span> <span class='ocrx_word' id='word_1_258' title='bbox 1049 3166 1169 3241; x_wconf 89' lang='lat' dir='ltr'><strong>potest,</strong></span> <span class='ocrx_word' id='word_1_259' title='bbox 1191 3168 1225 3225; x_wconf 91' lang='lat' dir='ltr'><strong>et</strong></span> <span class='ocrx_word' id='word_1_260' title='bbox 1237 3168 1334 3244; x_wconf 88' lang='lat' dir='ltr'><strong>post-</strong></span> 
     </span>
    </p>
   </div>
   <div class='ocr_carea' id='block_1_3' title="bbox 120 3411 1334 3916">
    <p class='ocr_par' dir='ltr' id='par_1_7' title="bbox 155 3411 862 3481">
     <span class='ocr_line' id='line_1_30' title="bbox 155 3411 862 3481; baseline 0.003 -13"><span class='ocrx_word' id='word_1_261' title='bbox 155 3412 185 3481; x_wconf 89' lang='lat'><strong>1)</strong></span> <span class='ocrx_word' id='word_1_262' title='bbox 206 3415 251 3465; x_wconf 85' lang='lat' dir='ltr'><strong>Fr.</strong></span> <span class='ocrx_word' id='word_1_263' title='bbox 269 3411 312 3466; x_wconf 90' lang='grc'><strong>34.</strong></span> <span class='ocrx_word' id='word_1_264' title='bbox 334 3414 357 3474; x_wconf 67' lang='lat'><strong>5.</strong></span> <span class='ocrx_word' id='word_1_265' title='bbox 377 3415 419 3467; x_wconf 91' lang='lat'><strong>11.</strong></span> <span class='ocrx_word' id='word_1_266' title='bbox 438 3415 480 3466; x_wconf 71' lang='lat' dir='ltr'><strong>att</strong></span> <span class='ocrx_word' id='word_1_267' title='bbox 502 3419 529 3465; x_wconf 79' lang='lat' dir='ltr'><strong>et</strong></span> <span class='ocrx_word' id='word_1_268' title='bbox 547 3418 579 3467; x_wconf 81' lang='lat' dir='ltr'><strong>fr.</strong></span> <span class='ocrx_word' id='word_1_269' title='bbox 598 3414 657 3468; x_wconf 87' lang='grc'>116.</span> <span class='ocrx_word' id='word_1_270' title='bbox 678 3415 702 3475; x_wconf 69' lang='lat'><strong>§-</strong></span> <span class='ocrx_word' id='word_1_271' title='bbox 723 3414 747 3468; x_wconf 94' lang='grc'><strong>1.</strong></span> <span class='ocrx_word' id='word_1_272' title='bbox 765 3419 798 3468; x_wconf 92' lang='lat' dir='ltr'><strong>D.</strong></span> <span class='ocrx_word' id='word_1_273' title='bbox 818 3419 862 3471; x_wconf 82' lang='lat' dir='ltr'><strong>oil.</strong></span> 
     </span>
    </p>

    <p class='ocr_par' dir='ltr' id='par_1_8' title="bbox 154 3483 1333 3556">
     <span class='ocr_line' id='line_1_31' title="bbox 154 3483 1333 3556; baseline 0.011 -18"><span class='ocrx_word' id='word_1_274' title='bbox 154 3483 185 3551; x_wconf 91' lang='grc'><strong>2)</strong></span> <span class='ocrx_word' id='word_1_275' title='bbox 203 3485 265 3552; x_wconf 87' lang='lat' dir='ltr'><strong>Ulp.</strong></span> <span class='ocrx_word' id='word_1_276' title='bbox 283 3487 367 3537; x_wconf 79' lang='lat' dir='ltr'><strong>rerba</strong></span> <span class='ocrx_word' id='word_1_277' title='bbox 384 3487 411 3537; x_wconf 88' lang='lat' dir='ltr'><strong>in</strong></span> <span class='ocrx_word' id='word_1_278' title='bbox 430 3489 462 3537; x_wconf 83' lang='lat' dir='ltr'><strong>fr.</strong></span> <span class='ocrx_word' id='word_1_279' title='bbox 480 3483 524 3537; x_wconf 88' lang='grc'><strong>34.</strong></span> <span class='ocrx_word' id='word_1_280' title='bbox 542 3487 565 3546; x_wconf 72' lang='lat'><strong>5.</strong></span> <span class='ocrx_word' id='word_1_281' title='bbox 585 3485 627 3538; x_wconf 88' lang='grc'><strong>12.</strong></span> <span class='ocrx_word' id='word_1_282' title='bbox 645 3487 680 3537; x_wconf 93' lang='lat' dir='ltr'><strong>D.</strong></span> <span class='ocrx_word' id='word_1_283' title='bbox 697 3487 735 3539; x_wconf 89' lang='lat' dir='ltr'><strong>ib.</strong></span> <span class='ocrx_word' id='word_1_284' title='bbox 755 3492 801 3540; x_wconf 82' lang='lat' dir='ltr'><strong>ofr.</strong></span> <span class='ocrx_word' id='word_1_285' title='bbox 821 3506 882 3542; x_wconf 88' lang='lat' dir='ltr'><strong>oum</strong></span> <span class='ocrx_word' id='word_1_286' title='bbox 901 3492 942 3544; x_wconf 76' lang='lat' dir='ltr'><strong>ma</strong></span> <span class='ocrx_word' id='word_1_287' title='bbox 958 3495 990 3545; x_wconf 78' lang='lat' dir='ltr'><strong>fr.</strong></span> <span class='ocrx_word' id='word_1_288' title='bbox 1001 3491 1062 3546; x_wconf 92' lang='grc'>104.</span> <span class='ocrx_word' id='word_1_289' title='bbox 1081 3493 1105 3556; x_wconf 65' lang='grc' dir='ltr'><strong>ἐ.</strong></span> <span class='ocrx_word' id='word_1_290' title='bbox 1115 3492 1143 3548; x_wconf 84' lang='grc'><strong>4.</strong></span> <span class='ocrx_word' id='word_1_291' title='bbox 1167 3495 1194 3550; x_wconf 80' lang='lat'><strong>5.</strong></span> <span class='ocrx_word' id='word_1_292' title='bbox 1212 3501 1250 3552; x_wconf 89' lang='lat' dir='ltr'><strong>D.</strong></span> <span class='ocrx_word' id='word_1_293' title='bbox 1270 3501 1333 3556; x_wconf 79' lang='lat' dir='ltr'><strong>eod.</strong></span> 
     </span>
    </p>

    <p class='ocr_par' dir='ltr' id='par_1_9' title="bbox 156 3552 920 3623">
     <span class='ocr_line' id='line_1_32' title="bbox 156 3552 920 3623; baseline 0.007 -14"><span class='ocrx_word' id='word_1_294' title='bbox 156 3554 186 3621; x_wconf 88' lang='grc'><strong>3)</strong></span> <span class='ocrx_word' id='word_1_295' title='bbox 206 3557 235 3608; x_wconf 87' lang='grc'><strong>0.</strong></span> <span class='ocrx_word' id='word_1_296' title='bbox 255 3555 324 3618; x_wconf 86' lang='grc'>2,1.</span> <span class='ocrx_word' id='word_1_297' title='bbox 344 3558 374 3609; x_wconf 86' lang='grc'><strong>0.</strong></span> <span class='ocrx_word' id='word_1_298' title='bbox 394 3557 420 3621; x_wconf 84' lang='grc'><strong>6,</strong></span> <span class='ocrx_word' id='word_1_299' title='bbox 437 3552 473 3608; x_wconf 90' lang='grc'><strong>37</strong></span> <span class='ocrx_word' id='word_1_300' title='bbox 490 3553 539 3623; x_wconf 82' lang='lat' dir='ltr'><strong>(dc</strong></span> <span class='ocrx_word' id='word_1_301' title='bbox 556 3556 659 3623; x_wconf 74' lang='lat' dir='ltr'><strong>leget-l·</strong></span> <span class='ocrx_word' id='word_1_302' title='bbox 680 3557 703 3616; x_wconf 71' lang='grc' dir='ltr'><strong>ἓ.</strong></span> <span class='ocrx_word' id='word_1_303' title='bbox 724 3557 749 3609; x_wconf 98' lang='grc'><strong>2.</strong></span> <span class='ocrx_word' id='word_1_304' title='bbox 768 3559 794 3611; x_wconf 94' lang='grc'><strong>3.</strong></span> <span class='ocrx_word' id='word_1_305' title='bbox 814 3562 836 3611; x_wconf 92' lang='lat'><strong>1.</strong></span> <span class='ocrx_word' id='word_1_306' title='bbox 856 3563 883 3612; x_wconf 89' lang='lat' dir='ltr'><strong>h.</strong></span> <span class='ocrx_word' id='word_1_307' title='bbox 900 3567 920 3614; x_wconf 85' lang='lat' dir='ltr'><strong>t.</strong></span> 
     </span>
    </p>

    <p class='ocr_par' dir='ltr' id='par_1_10' title="bbox 120 3623 1334 3762">
     <span class='ocr_line' id='line_1_33' title="bbox 152 3623 1334 3705; baseline 0.008 -25"><span class='ocrx_word' id='word_1_308' title='bbox 152 3625 184 3692; x_wconf 89' lang='grc'><strong>4)</strong></span> <span class='ocrx_word' id='word_1_309' title='bbox 204 3627 247 3677; x_wconf 85' lang='lat' dir='ltr'><strong>Fr.</strong></span> <span class='ocrx_word' id='word_1_310' title='bbox 267 3625 310 3679; x_wconf 95' lang='grc'><strong>21.</strong></span> <span class='ocrx_word' id='word_1_311' title='bbox 329 3629 353 3688; x_wconf 70' lang='lat'><strong>§-</strong></span> <span class='ocrx_word' id='word_1_312' title='bbox 371 3626 414 3680; x_wconf 82' lang='lat'><strong>19.</strong></span> <span class='ocrx_word' id='word_1_313' title='bbox 431 3632 463 3679; x_wconf 85' lang='lat' dir='ltr'><strong>fr.</strong></span> <span class='ocrx_word' id='word_1_314' title='bbox 481 3626 525 3679; x_wconf 80' lang='lat'><strong>95.</strong></span> <span class='ocrx_word' id='word_1_315' title='bbox 543 3630 577 3679; x_wconf 91' lang='lat' dir='ltr'><strong>D.</strong></span> <span class='ocrx_word' id='word_1_316' title='bbox 595 3627 638 3680; x_wconf 91' lang='grc'><strong>32.</strong></span> <span class='ocrx_word' id='word_1_317' title='bbox 655 3630 687 3680; x_wconf 79' lang='lat' dir='ltr'><strong>tr.</strong></span> <span class='ocrx_word' id='word_1_318' title='bbox 705 3623 731 3680; x_wconf 91' lang='grc'><strong>7.</strong></span> <span class='ocrx_word' id='word_1_319' title='bbox 750 3629 773 3691; x_wconf 74' lang='grc'><strong>5.</strong></span> <span class='ocrx_word' id='word_1_320' title='bbox 782 3629 806 3683; x_wconf 94' lang='grc'><strong>1.</strong></span> <span class='ocrx_word' id='word_1_321' title='bbox 824 3634 858 3683; x_wconf 93' lang='lat' dir='ltr'><strong>D.</strong></span> <span class='ocrx_word' id='word_1_322' title='bbox 876 3631 920 3699; x_wconf 84' lang='lat'><strong>36,</strong></span> <span class='ocrx_word' id='word_1_323' title='bbox 938 3632 954 3684; x_wconf 95' lang='lat'>1</span> <span class='ocrx_word' id='word_1_324' title='bbox 974 3631 1024 3699; x_wconf 73' lang='lat' dir='ltr'><strong>(od</strong></span> <span class='ocrx_word' id='word_1_325' title='bbox 1042 3633 1093 3687; x_wconf 80' lang='grc'><strong>80.</strong></span> <span class='ocrx_word' id='word_1_326' title='bbox 1112 3635 1221 3705; x_wconf 60' lang='lat' dir='ltr'><strong>Tam).</strong></span> <span class='ocrx_word' id='word_1_327' title='bbox 1243 3658 1268 3694; x_wconf 87' lang='grc' dir='ltr'>ο.</span> <span class='ocrx_word' id='word_1_328' title='bbox 1288 3639 1334 3695; x_wconf 87' lang='grc'><strong>16.</strong></span> 
     </span>
     <span class='ocr_line' id='line_1_34' title="bbox 120 3694 517 3762; baseline -0.005 -10"><span class='ocrx_word' id='word_1_329' title='bbox 120 3701 151 3752; x_wconf 85' lang='grc'><strong>0.</strong></span> <span class='ocrx_word' id='word_1_330' title='bbox 169 3696 197 3760; x_wconf 88' lang='grc'><strong>6,</strong></span> <span class='ocrx_word' id='word_1_331' title='bbox 215 3694 251 3748; x_wconf 92' lang='grc'><strong>42</strong></span> <span class='ocrx_word' id='word_1_332' title='bbox 269 3695 317 3762; x_wconf 80' lang='lat' dir='ltr'><strong>(do</strong></span> <span class='ocrx_word' id='word_1_333' title='bbox 335 3694 517 3762; x_wconf 70' lang='lat' dir='ltr'><strong>fidetem).</strong></span> 
     </span>
    </p>

    <p class='ocr_par' dir='ltr' id='par_1_11' title="bbox 155 3765 481 3836">
     <span class='ocr_line' id='line_1_35' title="bbox 155 3765 481 3836; baseline -0.006 -14"><span class='ocrx_word' id='word_1_334' title='bbox 155 3765 481 3836; x_wconf 53' lang='lat' dir='ltr'><strong>&amp;mmmmm</strong></span> 
     </span>
    </p>

    <p class='ocr_par' dir='ltr' id='par_1_12' title="bbox 154 3835 1110 3916">
     <span class='ocr_line' id='line_1_36' title="bbox 154 3835 1110 3916; baseline 0.009 -26"><span class='ocrx_word' id='word_1_335' title='bbox 154 3835 184 3903; x_wconf 93' lang='grc'><strong>6)</strong></span> <span class='ocrx_word' id='word_1_336' title='bbox 208 3839 268 3889; x_wconf 83' lang='lat' dir='ltr'><strong>Gai.</strong></span> <span class='ocrx_word' id='word_1_337' title='bbox 286 3840 320 3890; x_wconf 90' lang='lat'><strong>11.</strong></span> <span class='ocrx_word' id='word_1_338' title='bbox 339 3840 378 3899; x_wconf 63' lang='lat'><strong>§3</strong></span> <span class='ocrx_word' id='word_1_339' title='bbox 398 3839 458 3893; x_wconf 86' lang='grc'>229.</span> <span class='ocrx_word' id='word_1_340' title='bbox 480 3839 541 3892; x_wconf 86' lang='grc'>232.</span> <span class='ocrx_word' id='word_1_341' title='bbox 560 3836 620 3890; x_wconf 84' lang='grc'>235.</span> <span class='ocrx_word' id='word_1_342' title='bbox 640 3865 672 3876; x_wconf 87' lang='grc'><strong>-·</strong></span> <span class='ocrx_word' id='word_1_343' title='bbox 694 3839 716 3900; x_wconf 68' lang='grc' dir='ltr'><strong>ἓ.</strong></span> <span class='ocrx_word' id='word_1_344' title='bbox 735 3839 850 3895; x_wconf 84' lang='grc'>34-36.</span> <span class='ocrx_word' id='word_1_345' title='bbox 868 3846 889 3897; x_wconf 92' lang='lat'><strong>1.</strong></span> <span class='ocrx_word' id='word_1_346' title='bbox 910 3846 938 3897; x_wconf 89' lang='lat' dir='ltr'><strong>h.</strong></span> <span class='ocrx_word' id='word_1_347' title='bbox 956 3850 975 3896; x_wconf 76' lang='lat' dir='ltr'><strong>t</strong></span> <span class='ocrx_word' id='word_1_348' title='bbox 995 3843 1034 3912; x_wconf 85' lang='grc'><strong>(2,</strong></span> <span class='ocrx_word' id='word_1_349' title='bbox 1054 3845 1110 3916; x_wconf 89' lang='grc'>20).</span> 
     </span>
    </p>
   </div>
   <div class='ocr_carea' id='block_1_4' title="bbox 120 3906 1336 4052">
    <p class='ocr_par' dir='ltr' id='par_1_13' title="bbox 120 3906 1336 4052">
     <span class='ocr_line' id='line_1_37' title="bbox 153 3906 1336 3983; baseline 0.016 -23"><span class='ocrx_word' id='word_1_350' title='bbox 153 3906 185 3974; x_wconf 91' lang='grc'><strong>7)</strong></span> <span class='ocrx_word' id='word_1_351' title='bbox 202 3910 246 3960; x_wconf 82' lang='lat' dir='ltr'><strong>Fr.</strong></span> <span class='ocrx_word' id='word_1_352' title='bbox 265 3908 289 3960; x_wconf 93' lang='lat'><strong>1.</strong></span> <span class='ocrx_word' id='word_1_353' title='bbox 308 3926 347 3975; x_wconf 88' lang='lat' dir='ltr'><strong>pr.</strong></span> <span class='ocrx_word' id='word_1_354' title='bbox 367 3911 401 3960; x_wconf 91' lang='lat' dir='ltr'><strong>D.</strong></span> <span class='ocrx_word' id='word_1_355' title='bbox 419 3909 464 3973; x_wconf 86' lang='lat'><strong>34,</strong></span> <span class='ocrx_word' id='word_1_356' title='bbox 484 3907 502 3960; x_wconf 91' lang='grc'>7</span> <span class='ocrx_word' id='word_1_357' title='bbox 521 3909 568 3977; x_wconf 86' lang='lat' dir='ltr'><strong>(de</strong></span> <span class='ocrx_word' id='word_1_358' title='bbox 585 3926 641 3976; x_wconf 73' lang='lat' dir='ltr'><strong>reg.</strong></span> <span class='ocrx_word' id='word_1_359' title='bbox 660 3909 740 3976; x_wconf 81' lang='lat' dir='ltr'><strong>(let).</strong></span> <span class='ocrx_word' id='word_1_360' title='bbox 777 3915 818 3966; x_wconf 81' lang='lat' dir='ltr'><strong>Do</strong></span> <span class='ocrx_word' id='word_1_361' title='bbox 835 3917 931 3983; x_wconf 77' lang='lat' dir='ltr'><strong>regula</strong></span> <span class='ocrx_word' id='word_1_362' title='bbox 950 3917 1103 3971; x_wconf 64' lang='lat' dir='ltr'><strong>Catoniana</strong></span> <span class='ocrx_word' id='word_1_363' title='bbox 1126 3927 1206 3976; x_wconf 78' lang='lat' dir='ltr'><strong>recte</strong></span> <span class='ocrx_word' id='word_1_364' title='bbox 1232 3924 1336 3978; x_wconf 83' lang='lat' dir='ltr'><strong>intelll-</strong></span> 
     </span>
     <span class='ocr_line' id='line_1_38' title="bbox 120 3979 654 4052; baseline 0 -20"><span class='ocrx_word' id='word_1_365' title='bbox 120 3980 214 4052; x_wconf 73' lang='lat' dir='ltr'><strong>gendn</strong></span> <span class='ocrx_word' id='word_1_366' title='bbox 234 3981 304 4032; x_wconf 77' lang='lat' dir='ltr'><strong>noni.</strong></span> <span class='ocrx_word' id='word_1_367' title='bbox 323 3998 347 4033; x_wconf 84' lang='lat' dir='ltr'><strong>o.</strong></span> <span class='ocrx_word' id='word_1_368' title='bbox 371 3979 527 4048; x_wconf 67' lang='lat' dir='ltr'><strong>Vcoqcrow,</strong></span> <span class='ocrx_word' id='word_1_369' title='bbox 546 3980 570 4039; x_wconf 79' lang='lat'><strong>§-</strong></span> <span class='ocrx_word' id='word_1_370' title='bbox 592 3979 654 4033; x_wconf 81' lang='lat'><strong>546.</strong></span> 
     </span>
    </p>
   </div>
   <div class='ocr_carea' id='block_1_5' title="bbox 91 4048 1332 4558">
    <p class='ocr_par' dir='ltr' id='par_1_14' title="bbox 91 4048 1332 4558">
     <span class='ocr_line' id='line_1_39' title="bbox 154 4048 642 4116; baseline -0.004 -12"><span class='ocrx_word' id='word_1_371' title='bbox 154 4048 183 4116; x_wconf 89' lang='grc'><strong>8)</strong></span> <span class='ocrx_word' id='word_1_372' title='bbox 203 4050 226 4110; x_wconf 65' lang='grc'><strong>6.</strong></span> <span class='ocrx_word' id='word_1_373' title='bbox 245 4049 289 4102; x_wconf 89' lang='grc'><strong>21.</strong></span> <span class='ocrx_word' id='word_1_374' title='bbox 309 4053 330 4102; x_wconf 93' lang='lat'><strong>1.</strong></span> <span class='ocrx_word' id='word_1_375' title='bbox 350 4052 376 4101; x_wconf 89' lang='lat' dir='ltr'><strong>h.</strong></span> <span class='ocrx_word' id='word_1_376' title='bbox 394 4056 413 4102; x_wconf 79' lang='lat' dir='ltr'><strong>t</strong></span> <span class='ocrx_word' id='word_1_377' title='bbox 430 4055 462 4103; x_wconf 83' lang='lat' dir='ltr'><strong>tr.</strong></span> <span class='ocrx_word' id='word_1_378' title='bbox 481 4049 525 4102; x_wconf 83' lang='lat'><strong>41.</strong></span> <span class='ocrx_word' id='word_1_379' title='bbox 546 4053 579 4101; x_wconf 88' lang='lat' dir='ltr'><strong>D.</strong></span> <span class='ocrx_word' id='word_1_380' title='bbox 599 4050 642 4103; x_wconf 96' lang='grc'><strong>30.</strong></span> 
     </span>
     <span class='ocr_line' id='line_1_40' title="bbox 152 4119 1332 4206; baseline 0.013 -31"><span class='ocrx_word' id='word_1_381' title='bbox 152 4119 182 4187; x_wconf 88' lang='grc'><strong>9)</strong></span> <span class='ocrx_word' id='word_1_382' title='bbox 201 4122 225 4182; x_wconf 69' lang='lat'><strong>§-</strong></span> <span class='ocrx_word' id='word_1_383' title='bbox 243 4119 269 4172; x_wconf 91' lang='grc'><strong>7.</strong></span> <span class='ocrx_word' id='word_1_384' title='bbox 287 4123 307 4173; x_wconf 92' lang='lat'><strong>1.</strong></span> <span class='ocrx_word' id='word_1_385' title='bbox 329 4122 390 4175; x_wconf 89' lang='lat' dir='ltr'><strong>eod.</strong></span> <span class='ocrx_word' id='word_1_386' title='bbox 411 4122 470 4173; x_wconf 82' lang='lat' dir='ltr'><strong>Gei.</strong></span> <span class='ocrx_word' id='word_1_387' title='bbox 489 4121 515 4172; x_wconf 88' lang='grc'><strong>2.</strong></span> <span class='ocrx_word' id='word_1_388' title='bbox 535 4122 558 4181; x_wconf 72' lang='grc'><strong>6.</strong></span> <span class='ocrx_word' id='word_1_389' title='bbox 578 4121 638 4175; x_wconf 88' lang='grc'>203.</span> <span class='ocrx_word' id='word_1_390' title='bbox 656 4124 687 4174; x_wconf 81' lang='lat' dir='ltr'><strong>fr.</strong></span> <span class='ocrx_word' id='word_1_391' title='bbox 708 4121 751 4175; x_wconf 88' lang='grc'><strong>24.</strong></span> <span class='ocrx_word' id='word_1_392' title='bbox 769 4142 808 4191; x_wconf 89' lang='lat' dir='ltr'><strong>pr.</strong></span> <span class='ocrx_word' id='word_1_393' title='bbox 826 4128 860 4178; x_wconf 89' lang='lat' dir='ltr'><strong>D.</strong></span> <span class='ocrx_word' id='word_1_394' title='bbox 879 4127 922 4181; x_wconf 86' lang='grc'><strong>32.</strong></span> <span class='ocrx_word' id='word_1_395' title='bbox 958 4131 1026 4185; x_wconf 78' lang='lat' dir='ltr'><strong>Hac</strong></span> <span class='ocrx_word' id='word_1_396' title='bbox 1051 4133 1116 4184; x_wconf 88' lang='lat' dir='ltr'><strong>olim</strong></span> <span class='ocrx_word' id='word_1_397' title='bbox 1145 4136 1259 4190; x_wconf 78' lang='lat' dir='ltr'><strong>nonmai</strong></span> <span class='ocrx_word' id='word_1_398' title='bbox 1282 4153 1332 4206; x_wconf 85' lang='lat' dir='ltr'><strong>por</strong></span> 
     </span>
     <span class='ocr_line' id='line_1_41' title="bbox 120 4194 752 4261; baseline -0.003 -14"><span class='ocrx_word' id='word_1_399' title='bbox 120 4196 322 4248; x_wconf 71' lang='lat' dir='ltr'><strong>damnationem</strong></span> <span class='ocrx_word' id='word_1_400' title='bbox 338 4194 425 4258; x_wconf 81' lang='lat' dir='ltr'><strong>legari</strong></span> <span class='ocrx_word' id='word_1_401' title='bbox 443 4198 574 4261; x_wconf 76' lang='lat' dir='ltr'><strong>poterant</strong></span> <span class='ocrx_word' id='word_1_402' title='bbox 613 4194 672 4244; x_wconf 79' lang='lat' dir='ltr'><strong>Gai.</strong></span> <span class='ocrx_word' id='word_1_403' title='bbox 691 4195 709 4244; x_wconf 93' lang='lat' dir='ltr'><strong>l.</strong></span> <span class='ocrx_word' id='word_1_404' title='bbox 729 4211 752 4247; x_wconf 91' lang='lat' dir='ltr'><strong>o.</strong></span> 
     </span>
     <span class='ocr_line' id='line_1_42' title="bbox 91 4258 724 4330; baseline -0.003 -10"><span class='ocrx_word' id='word_1_405' title='bbox 91 4261 97 4269; x_wconf 77' lang='grc'>’</span> <span class='ocrx_word' id='word_1_406' title='bbox 135 4262 183 4330; x_wconf 89' lang='grc'><strong>10)</strong></span> <span class='ocrx_word' id='word_1_407' title='bbox 202 4266 226 4324; x_wconf 68' lang='grc' dir='ltr'><strong>ἓ.</strong></span> <span class='ocrx_word' id='word_1_408' title='bbox 243 4262 270 4315; x_wconf 93' lang='grc'><strong>4.</strong></span> <span class='ocrx_word' id='word_1_409' title='bbox 287 4266 309 4315; x_wconf 89' lang='grc' dir='ltr'><strong>Ι.</strong></span> <span class='ocrx_word' id='word_1_410' title='bbox 331 4267 392 4317; x_wconf 84' lang='lat' dir='ltr'><strong>eod.</strong></span> <span class='ocrx_word' id='word_1_411' title='bbox 410 4266 442 4315; x_wconf 77' lang='lat' dir='ltr'><strong>fr.</strong></span> <span class='ocrx_word' id='word_1_412' title='bbox 460 4263 502 4316; x_wconf 88' lang='grc'><strong>39.</strong></span> <span class='ocrx_word' id='word_1_413' title='bbox 522 4263 546 4324; x_wconf 66' lang='lat'><strong>5.</strong></span> <span class='ocrx_word' id='word_1_414' title='bbox 564 4258 590 4314; x_wconf 91' lang='grc'><strong>7.</strong></span> <span class='ocrx_word' id='word_1_415' title='bbox 607 4266 641 4316; x_wconf 91' lang='lat' dir='ltr'><strong>D.</strong></span> <span class='ocrx_word' id='word_1_416' title='bbox 662 4267 724 4318; x_wconf 79' lang='lat' dir='ltr'><strong>eod.</strong></span> 
     </span>
     <span class='ocr_line' id='line_1_43' title="bbox 135 4333 639 4401; baseline -0.004 -12"><span class='ocrx_word' id='word_1_417' title='bbox 135 4333 183 4401; x_wconf 87' lang='lat'><strong>11)</strong></span> <span class='ocrx_word' id='word_1_418' title='bbox 201 4338 245 4387; x_wconf 84' lang='lat' dir='ltr'><strong>Fr.</strong></span> <span class='ocrx_word' id='word_1_419' title='bbox 264 4335 306 4388; x_wconf 94' lang='grc'><strong>11.</strong></span> <span class='ocrx_word' id='word_1_420' title='bbox 325 4335 348 4395; x_wconf 72' lang='grc'><strong>6.</strong></span> <span class='ocrx_word' id='word_1_421' title='bbox 369 4333 412 4387; x_wconf 90' lang='grc'><strong>23.</strong></span> <span class='ocrx_word' id='word_1_422' title='bbox 430 4337 463 4386; x_wconf 81' lang='lat' dir='ltr'><strong>fr.</strong></span> <span class='ocrx_word' id='word_1_423' title='bbox 482 4333 524 4387; x_wconf 92' lang='grc'><strong>12.</strong></span> <span class='ocrx_word' id='word_1_424' title='bbox 544 4336 577 4386; x_wconf 91' lang='lat' dir='ltr'><strong>D.</strong></span> <span class='ocrx_word' id='word_1_425' title='bbox 594 4333 639 4387; x_wconf 87' lang='grc'><strong>32.</strong></span> 
     </span>
     <span class='ocr_line' id='line_1_44' title="bbox 135 4402 938 4475; baseline 0.001 -15"><span class='ocrx_word' id='word_1_426' title='bbox 135 4402 185 4469; x_wconf 92' lang='grc'><strong>12)</strong></span> <span class='ocrx_word' id='word_1_427' title='bbox 203 4408 266 4474; x_wconf 63' lang='grc' dir='ltr'>Δις.</span> <span class='ocrx_word' id='word_1_428' title='bbox 283 4409 315 4458; x_wconf 79' lang='lat' dir='ltr'><strong>ir.</strong></span> <span class='ocrx_word' id='word_1_429' title='bbox 333 4403 359 4457; x_wconf 91' lang='grc'><strong>7.</strong></span> <span class='ocrx_word' id='word_1_430' title='bbox 377 4405 402 4466; x_wconf 65' lang='grc' dir='ltr'><strong>ἓ.</strong></span> <span class='ocrx_word' id='word_1_431' title='bbox 423 4406 448 4458; x_wconf 92' lang='grc'><strong>1.</strong></span> <span class='ocrx_word' id='word_1_432' title='bbox 468 4407 502 4459; x_wconf 88' lang='lat' dir='ltr'><strong>D.</strong></span> <span class='ocrx_word' id='word_1_433' title='bbox 520 4403 565 4475; x_wconf 77' lang='lat'><strong>33,</strong></span> <span class='ocrx_word' id='word_1_434' title='bbox 582 4402 600 4457; x_wconf 91' lang='grc'><strong>6</strong></span> <span class='ocrx_word' id='word_1_435' title='bbox 619 4404 667 4472; x_wconf 84' lang='lat' dir='ltr'><strong>(de</strong></span> <span class='ocrx_word' id='word_1_436' title='bbox 683 4406 736 4458; x_wconf 80' lang='lat' dir='ltr'><strong>trit</strong></span> <span class='ocrx_word' id='word_1_437' title='bbox 754 4406 818 4460; x_wconf 80' lang='lat' dir='ltr'><strong>vino</strong></span> <span class='ocrx_word' id='word_1_438' title='bbox 836 4413 863 4460; x_wconf 80' lang='lat' dir='ltr'><strong>ot</strong></span> <span class='ocrx_word' id='word_1_439' title='bbox 880 4406 938 4475; x_wconf 75' lang='lat' dir='ltr'><strong>oi).</strong></span> 
     </span>
     <span class='ocr_line' id='line_1_45' title="bbox 137 4472 1329 4558; baseline 0.003 -28"><span class='ocrx_word' id='word_1_440' title='bbox 137 4472 185 4542; x_wconf 88' lang='grc'><strong>13)</strong></span> <span class='ocrx_word' id='word_1_441' title='bbox 204 4475 229 4537; x_wconf 72' lang='grc'><strong>6.</strong></span> <span class='ocrx_word' id='word_1_442' title='bbox 245 4475 272 4529; x_wconf 88' lang='grc'><strong>4.</strong></span> <span class='ocrx_word' id='word_1_443' title='bbox 289 4477 318 4530; x_wconf 83' lang='lat' dir='ltr'><strong>ln</strong></span> <span class='ocrx_word' id='word_1_444' title='bbox 334 4477 424 4530; x_wconf 79' lang='lat' dir='ltr'><strong>medlo</strong></span> <span class='ocrx_word' id='word_1_445' title='bbox 442 4477 464 4528; x_wconf 86' lang='lat' dir='ltr'><strong>I.</strong></span> <span class='ocrx_word' id='word_1_446' title='bbox 481 4476 546 4529; x_wconf 80' lang='lat' dir='ltr'><strong>lut.</strong></span> <span class='ocrx_word' id='word_1_447' title='bbox 563 4477 596 4530; x_wconf 76' lang='lat' dir='ltr'><strong>ir.</strong></span> <span class='ocrx_word' id='word_1_448' title='bbox 613 4473 657 4530; x_wconf 86' lang='grc'><strong>39.</strong></span> <span class='ocrx_word' id='word_1_449' title='bbox 676 4475 699 4538; x_wconf 73' lang='lat'><strong>§-</strong></span> <span class='ocrx_word' id='word_1_450' title='bbox 718 4473 814 4531; x_wconf 80' lang='lat'><strong>7-10.</strong></span> <span class='ocrx_word' id='word_1_451' title='bbox 833 4479 866 4531; x_wconf 70' lang='lat' dir='ltr'><strong>fr.</strong></span> <span class='ocrx_word' id='word_1_452' title='bbox 883 4477 928 4533; x_wconf 79' lang='lat'><strong>47.</strong></span> <span class='ocrx_word' id='word_1_453' title='bbox 946 4478 971 4542; x_wconf 63' lang='grc'><strong>1.</strong></span> <span class='ocrx_word' id='word_1_454' title='bbox 980 4480 1006 4536; x_wconf 81' lang='grc'><strong>2.</strong></span> <span class='ocrx_word' id='word_1_455' title='bbox 1026 4483 1061 4534; x_wconf 89' lang='lat' dir='ltr'><strong>D.</strong></span> <span class='ocrx_word' id='word_1_456' title='bbox 1078 4480 1114 4538; x_wconf 82' lang='lat'><strong>31</strong></span> <span class='ocrx_word' id='word_1_457' title='bbox 1135 4482 1187 4553; x_wconf 71' lang='lat' dir='ltr'><strong>(do</strong></span> <span class='ocrx_word' id='word_1_458' title='bbox 1203 4486 1259 4558; x_wconf 71' lang='lat'><strong>¹08·</strong></span> <span class='ocrx_word' id='word_1_459' title='bbox 1272 4486 1329 4556; x_wconf 70' lang='grc'>11.).</span> 
     </span>
    </p>
   </div>
   <div class='ocr_carea' id='block_1_6' title="bbox 0 0 1404 4972">
    <p class='ocr_par' dir='ltr' id='par_1_15' title="bbox 0 0 1404 4972">
     <span class='ocr_line' id='line_1_46' title="bbox 0 0 1404 4972; baseline 0 2"><span class='ocrx_word' id='word_1_460' title='bbox 0 0 1404 4972; x_wconf 95' lang='lat' dir='ltr'><strong> </strong></span> 
     </span>
    </p>
   </div>
  </div>
 </body>
</html>
