2804 4966
507 329 628 372 ubsrum.
650 327 716 367 rnna
729 330 748 367 r.
767 327 824 370 cnr.
843 327 874 367 u.
1239 318 1291 372 109

94 466 128 521 ut
154 464 188 522 et
216 456 406 540 prediorum
433 454 674 538 provincialium
702 455 850 518 alienatio
882 459 913 516 et
941 453 1092 536 obligatio
1120 452 1293 519 interdieta

93 565 215 636 essent,
237 564 270 622 et
290 563 402 621 nobba
424 574 531 620 aarum
551 574 655 637 neque
675 555 944 618 consentientibus
968 553 1153 617 mulieribus
1176 572 1293 635 prooe-

94 658 196 736 deret,
219 676 261 720 ne
283 674 380 721 sexus
402 656 566 719 muliebris
586 655 742 738 fragilitas
758 656 789 716 in
803 655 973 736 perniciem
988 654 1168 720 substantia
1186 674 1292 720 earum

94 758 390 844 converteretur1).
977 776 978 781 ¹

135 858 300 924 Alienatio
327 864 433 923 autem
462 857 613 920 latissimo
641 871 739 918 sensu
765 854 934 935 accipitur:
968 859 1002 915 ut
1029 871 1092 918 non
1122 856 1223 918 solum
1252 861 1295 920 sit

96 964 197 1025 omnis
219 966 320 1037 actus,
341 976 509 1039 perquem
532 956 702 1020 dominium
722 953 968 1041 translacioni),
992 955 1048 1018 sed
1072 956 1162 1019 etiam
1175 976 1294 1020 usuca-

93 1063 222 1144 pionem
243 1061 419 1134 contiueat;
442 1060 497 1120 vix
517 1058 599 1121 enim
623 1062 672 1119 est
691 1061 726 1117 ut
739 1074 801 1118 non
817 1055 961 1118 videatur
974 1054 1123 1134 alienare,
1146 1061 1199 1138 qui
1215 1077 1296 1121 usu-

96 1180 213 1245 capere
236 1159 412 1245 patitur³);
445 1159 518 1221 item
533 1176 600 1222 neo
625 1157 797 1219 servitutes
821 1156 917 1219 fundo
940 1155 1062 1219 debitas
1085 1160 1214 1222 maritus
1239 1179 1295 1222 re-

96 1263 224 1326 mittere
248 1265 365 1342 potest,
391 1277 449 1322 uec
464 1259 494 1322 ei
513 1257 590 1322 olias
603 1262 764 1339 imponere
777 1257 818 1349 1).
854 1257 998 1339 Denique
1014 1260 1128 1334 mariti,
1152 1259 1205 1339 qui
1221 1259 1295 1320 lun-

97 1361 171 1427 dum
195 1378 389 1425 communem
410 1378 480 1423 oum
508 1359 572 1423 alio
595 1362 627 1422 in
650 1359 753 1423 dotem
777 1360 992 1423 inaestimatam
1020 1364 1227 1441 acceperunt,
1256 1361 1294 1423 ad

97 1463 257 1525 communi
277 1460 451 1524 dividundo
478 1460 627 1522 iudicium
649 1477 827 1541 provocare
856 1479 917 1522 non
949 1467 1098 1542 possunt,
1132 1460 1208 1524 licet
1236 1465 1296 1543 ipsi

96 1563 222 1644 possint
242 1561 462 1647 prouocari‘i).
505 1560 687 1624 AEstimatus
712 1560 828 1623 fundus
850 1561 980 1624 alienari
1002 1566 1116 1642 potest,
1141 1580 1211 1626 cum
1228 1564 1296 1626 eius

96 1663 264 1726 estimatio
289 1663 406 1743 potius,
431 1679 522 1741 quam
544 1662 611 1742 ipsa
633 1662 756 1742 species
780 1662 813 1722 in
833 1660 905 1723 dote
927 1662 968 1723 sit
981 1661 1020 1748 δ).

140 1765 172 1846 ξ.
184 1761 258 1827 388.
302 1761 336 1827 Si
357 1763 455 1845 igitur
470 1763 526 1825 uir
548 1762 652 1829 dotale
674 1764 824 1845 praedium
845 1768 957 1829 scienti
979 1765 1031 1829 vel
1045 1768 1202 1850 ignoranti
1215 1786 1297 1830 ven-

99 1862 180 1926 didit
203 1863 256 1924 vel
279 1861 441 1946 obligavit,
465 1864 517 1926 vel
540 1864 603 1928 alio
617 1865 709 1929 modo
724 1864 885 1943 alienavit,
908 1867 953 1942 nil
970 1869 1048 1930 iuris
1061 1868 1251 1932 transfertur
1262 1870 1297 1951 ²),

98 1982 159 2029 neo
184 1964 334 2044 usucapio
358 1982 418 2026 nec
440 1963 618 2047 longissimi
642 1968 791 2047 temporis
814 1969 1010 2051 proscriptio
1032 1968 1193 2047 procedit,
1217 1987 1298 2045 eum,

98 2065 154 2128 ubi
177 2063 232 2127 lex
252 2063 392 2127 inhibeat
412 2068 648 2146 usucapionem,
671 2067 753 2130 bona
774 2066 852 2130 lidos
876 2068 1051 2149 possidenti
1074 2072 1117 2133 nil
1139 2074 1240 2152 prosit
1252 2073 1298 2159 8);

98 2165 157 2230 sed
177 2165 267 2228 linito
289 2166 485 2229 matrimonio
508 2166 678 2230 vindicatio
700 2166 826 2230 mulieri
848 2171 958 2232 eiusve
980 2170 1090 2233 heredi
1103 2172 1297 2261 competiti).

97 2270 150 2333 An
172 2268 303 2333 maritus
325 2269 486 2352 negotium
508 2286 578 2332 ase
601 2276 724 2352 gestum
747 2273 931 2353 impugnare
953 2274 1065 2351 possit,
1088 2273 1215 2336 dubium
1239 2280 1298 2350 est,

100 2370 160 2435 sed
182 2370 211 2433 si
232 2371 265 2432 iu
286 2370 482 2433 matrimonio
505 2369 619 2432 mulier
642 2370 797 2449 decessit,
831 2377 863 2434 et
891 2371 948 2435 dos
972 2372 1062 2436 lucro
1092 2376 1193 2438 mariti
1225 2394 1299 2437 oes-

97 2475 152 2549 sit,
175 2470 293 2533 lundus
314 2469 411 2533 avelli
432 2471 602 2557 nequitu).

143 2573 260 2658 §.tiss
282 2563 415 2636 'Solum
438 2574 632 2637 matrimonio
656 2575 723 2637 iura
747 2576 848 2638 mariti
872 2577 903 2638 in
934 2575 1090 2639 dotalibus
1118 2576 1209 2637 bonis
1239 2596 1309 2639 ex-

98 2679 291 2759 tinguuutur
312 2679 345 2734 et
367 2671 457 2735 reddi
478 2673 536 2736 dos
558 2674 662 2752 debet,
686 2677 746 2737 nisi
760 2658 844 2738 aliud
861 2679 1009 2739 convenit
1021 2679 1072 2763 11).
1095 2677 1185 2741 Dotis
1198 2686 1300 2743 autern

97 2783 161 2841 tam
192 2774 380 2857 profectitiae
409 2792 499 2854 quam
529 2775 709 2838 adventitiae
739 2778 886 2856 repetitio
914 2778 1034 2839 viventi
1059 2781 1164 2856 uxori,
1193 2781 1220 2841 si
1249 2783 1298 2843 sui

98 2879 180 2942 iuris
203 2878 263 2954 sit,
286 2875 347 2939 soli
359 2875 421 2962 11),
443 2877 472 2938 si
495 2876 552 2937 sub
578 2879 677 2957 patria
699 2883 854 2957 potestate
876 2878 1119 2956 sit-constituta,
1145 2881 1174 2942 ei
1204 2882 1297 2943 simul

98 2996 170 3043 oum
194 2982 284 3058 patre
307 2977 413 3059 agenti
446 2977 660 3065 competit¹³);
692 2977 745 3039 illa
768 2977 840 3040 liliae
862 2984 892 3040 el
915 2980 1013 3058 patris
1035 2982 1204 3043 communis
1227 3000 1299 3046 esso

103 3083 217 3163 incipit
231 3080 279 3162 ¹⁴).
323 3081 445 3144 blortua
467 3087 569 3144 autern
592 3083 623 3143 in
645 3082 840 3144 matrimonio
863 3079 1015 3158 muliere,
1038 3082 1215 3162 profectitia
1241 3083 1298 3145 ilos

100 3183 142 3258 ad
163 3189 285 3264 patrem
304 3185 476 3245 revertitur
489 3181 551 3270 ¹⁵),
573 3182 744 3246 adventitia
767 3182 804 3244 ad
829 3183 937 3245 uxoris
959 3182 1094 3245 heredes
1124 3185 1236 3246 transit
1248 3185 1298 3273 16).

99 3285 234 3366 Semper
255 3282 311 3363 qui
334 3281 395 3344 sibi
424 3281 527 3346 dotem
554 3282 641 3346 linito
671 3283 867 3346 matrimonio
895 3284 1018 3345 restitui
1048 3284 1215 3363 stipulatus
1240 3291 1299 3361 est,

99 3387 194 3452 solus
214 3385 311 3449 babet
334 3385 404 3447 cius
428 3385 658 3466 repetitionem.

96 3507 299 3519 m

136 3575 165 3643 1)
186 3576 273 3698 Pr.11.
292 3576 334 3628 oli.
352 3591 374 3627 o.
394 3591 438 3626 un.
458 3573 480 3635 ἐ.
497 3571 539 3627 15.
559 3575 588 3626 O.
608 3571 806 3641 5,13((1ετε1
825 3590 901 3625 uxor.
920 3570 994 3637 act).

134 3645 166 3785 3)
184 3721 228 3772 Pr.
247 3717 290 3771 26.
309 3735 348 3784 pr.
367 3719 400 3768 D.
419 3713 515 3780 50,16
535 3714 584 3783 (de
601 3717 634 3768 V.
657 3712 706 3782 S.).
855 3711 885 3778 4)
904 3714 947 3764 Fr.
964 3710 989 3765 5.
1008 3715 1041 3764 D.
1061 3712 1121 3766 cod.

135 3790 166 3858 5)
186 3791 216 3844 O.
233 3789 258 3842 2.
278 3789 307 3844 0.
328 3790 354 3840 b.
374 3794 393 3839 t
536 3784 564 3853 6)
584 3789 627 3840 Fr.
645 3788 687 3841 11.
708 3789 741 3838 D.
761 3784 805 3849 23,
825 3783 842 3838 5
860 3782 898 3850 (b.
917 3782 956 3850 1.).

133 3859 166 3928 7)
187 3863 232 3915 Fr.
246 3859 291 3914 42.
308 3862 341 3911 D.
359 3857 404 3921 41,
421 3856 438 3910 3
459 3857 504 3926 (de
522 3874 611 3926 usurp.
634 3865 660 3911 et
678 3855 810 3924 usucap).

135 3931 165 4000 8)
187 3933 230 3984 Fr.
244 3930 289 3985 16.
308 3933 343 3982 D.
362 3931 389 3982 h.
408 3935 425 3981 1.
442 3931 473 3982 fr.
493 3927 536 3984 24.
553 3949 593 3998 pr.
611 3931 645 3981 D.
662 3929 708 3995 41,
727 3929 744 3982 3
764 3929 812 3996 (111.
832 3925 898 3993 cib).
915 3944 938 3979 o.
957 3927 999 3981 29.
1018 3926 1048 3978 (1.
1069 3927 1096 3977 h.
1114 3932 1133 3978 1.

116 4002 167 4142 10)
185 4075 230 4127 Fr.
240 4072 283 4127 17.
301 4075 334 4126 D.
344 4073 400 4124 lat
420 4072 460 4125 Cf.
478 4092 501 4128 o.
512 4073 668 4141 Vonyerow,
690 4073 786 4124 Lebrb.
801 4072 851 4124 cler
864 4070 1034 4122 Pondecten.
1045 4071 1066 4120 1.
1086 4067 1108 4127 ἓ.
1119 4064 1180 4120 217.
1199 4064 1299 4119 110112.

115 4143 166 4213 11)
186 4146 267 4198 suad
285 4147 393 4213 antiquo
410 4146 466 4196 iure
484 4146 629 4198 obtinebat.
648 4144 710 4210 Ulp.
729 4144 755 4194 h.
776 4147 793 4195 i'.
814 4143 837 4202 ἓ.
855 4140 881 4193 4.
900 4139 924 4191 5.

115 4215 166 4284 12)
186 4218 230 4268 ur.
251 4216 277 4270 2.
295 4234 335 4285 pr.
353 4218 386 4267 D.
406 4214 481 4280 24,3
500 4215 600 4284 (soluto
619 4215 717 4279 mato).
736 4230 758 4265 o.
777 4230 821 4265 un.
835 4213 863 4274 §-
883 4211 925 4264 16.
946 4213 975 4264 O.
994 4210 1019 4275 5,
1038 4210 1072 4264 13
1090 4210 1138 4275 (111.
1160 4206 1224 4273 cib).

116 4287 167 4356 13)
186 4291 230 4340 Fr.
247 4288 273 4342 2.
291 4292 315 4349 ξ.
333 4289 358 4340 1.
376 4289 408 4339 fr.
417 4287 442 4340 3.
461 4286 504 4339 34.
523 4291 557 4339 D.
575 4285 619 4348 24,
636 4286 653 4337 3
674 4283 795 4352 (tiocia).
813 4301 835 4336 c.
844 4281 888 4334 27.
908 4285 937 4335 G.
948 4281 974 4346 5,
992 4283 1026 4336 18
1047 4280 1145 4347 (soluto
1166 4277 1299 4345 matrim).

115 4358 167 4423 14)
187 4360 232 4412 m.
250 4359 276 4413 2.
294 4359 318 4419 ἓ.
337 4359 361 4411 1.
382 4359 424 4410 cli.
440 4362 472 4411 fr.
492 4357 536 4412 34.
558 4358 581 4416 §-
601 4357 625 4408 6.
645 4359 678 4407 D.
697 4354 741 4419 46,
760 4355 776 4407 3
795 4354 843 4421 (dc
862 4356 984 4407 solution.
1006 4359 1033 4406 et
1048 4351 1116 4417 lib.).

116 4430 167 4499 15)
186 4432 231 4484 Fr.
249 4431 275 4484 6.
293 4448 333 4499 pr.
353 4433 387 4482 D.
407 4431 435 4482 h.
452 4434 471 4481 1.
492 4447 514 4482 c.
533 4428 560 4481 4.
581 4430 610 4482 O.
628 4424 654 4491 5,
674 4427 717 4479 13.
735 4429 777 4478 cii.

115 4503 166 4572 16)
191 4503 222 4557 (1.
239 4518 285 4556 uu.
305 4501 331 4564 ἐ.
348 4500 391 4555 13.
409 4502 440 4555 0.
458 4499 483 4567 5,
502 4501 537 4555 13
555 4499 604 4568 (111.
625 4497 689 4565 eit).
707 4501 739 4551 ir.
759 4497 802 4551 12.
820 4515 859 4566 pr.
878 4498 911 4548 Ι).
932 4494 976 4561 23,
992 4492 1010 4547 4
1029 4491 1160 4562 (111111).
