2804 4966
275 1140 278 1145 ·
395 1086 650 1167 CONSPEOTUS
678 1087 825 1166 nouus
852 1087 1015 1166 OPERIS.

633 1294 780 1303 ..u—-

410 1456 416 1467 “
513 1457 892 1528 ΙΝΤΒΟΒΠΟΤΙΟ.

616 1644 743 1706 CAPUT
767 1644 790 1705 I.
904 1637 906 1639 ⁵

371 1804 563 1868 Generaliter
584 1803 621 1865 de
640 1802 718 1863 ioris
737 1807 853 1864 notura
874 1803 1039 1882 principio.

356 1977 402 2038 De
425 1979 494 2057 iure
517 1982 547 2038 et
568 1977 686 2039 iustitia
713 2021 933 2035 .....
956 2034 959 2060 ¹
980 2021 1197 2035 .....

354 2077 400 2138 De
422 2079 499 2139 iuris
523 2064 646 2159 origine
671 2083 764 2157 atque
787 2093 962 2158 progressu
1032 2123 1038 2135 .
1085 2122 1090 2134 ,
1138 2123 1143 2134 .
1192 2122 1198 2134 .

352 2176 398 2237 De
420 2178 489 2238 iure
514 2177 659 2253 naturali,
683 2178 823 2259 gentium
847 2184 878 2238 et
900 2178 987 2239 civili
1033 2225 1037 2235 .
1085 2224 1090 2235 .
1138 2226 1143 2237 ,
1190 2223 1196 2236 .

148 2323 162 2354 „
271 2323 277 2337 .
350 2277 397 2340 De
420 2280 668 2360 iurisprudentiu
713 2326 719 2339 .
767 2327 773 2339 .
821 2326 827 2340 .
873 2288 894 2340 .’
928 2325 1198 2340 ......

146 2422 161 2454 „
256 2423 263 2437 .
350 2378 403 2440 De¹
418 2380 546 2460 publico
572 2387 602 2441 et
625 2382 748 2462 privato
771 2383 860 2457 iure,
891 2383 961 2443 sive
984 2383 1079 2444 totius
1105 2381 1203 2442 iuris-

395 2481 570 2568 pnudentiae
594 2483 626 2543 in
648 2488 751 2562 partes
773 2499 846 2561 suas
871 2482 1089 2543 distributio.
1136 2527 1143 2541 .
1188 2525 1196 2540 .
1283 2479 1302 2542 8

604 2661 731 2725 CAPUT
751 2662 790 2724 11.

357 2815 504 2878 Histortae
523 2802 601 2878 ioris
624 2817 831 2879 Romanorum
850 2817 1052 2883 adumbratio.

350 2998 398 3059 De
430 2999 499 3059 iure
529 2997 735 3061 Romanorum
767 3000 804 3060 ab
835 3000 913 3061 urbe
945 3000 1068 3062 conditu
1101 3018 1201 3081 usque

392 3098 430 3159 ad
451 3104 571 3179 tempus
595 3097 665 3162 lutae
687 3099 769 3182 legis
788 3099 846 3161 XH
870 3100 1086 3162 Tabularum.
1134 3149 1141 3163 .
1187 3150 1194 3164 .
1260 3108 1300 3172 10

145 3244 160 3276 „
257 3245 263 3258 .
349 3199 395 3262 De
418 3218 593 3282 progressu
617 3202 696 3262 iuris
718 3204 838 3264 romoni
862 3220 902 3263 ex
924 3221 961 3265 eo
985 3209 1125 3284 ternpore
1141 3223 1199 3268 us-

395 3319 456 3380 que
481 3302 518 3363 ud
541 3300 703 3364 Ciceronis
728 3308 849 3364 aetatem
920 3348 1191 3366 ......
1259 3309 1298 3373 13

143 3433 161 3476 „x
271 3447 277 3461 .
349 3401 395 3464 De
419 3421 594 3485 progressu
619 3405 697 3465 iuris
720 3409 839 3468 romani
863 3423 965 3487 usque
991 3409 1029 3470 ud
1054 3410 1198 3471 Alexan-

393 3506 481 3568 drum
508 3507 660 3568 Severum
705 3552 1191 3570 ..........
1258 3510 1297 3574 16

141 3645 156 3678 „
265 3650 272 3664 .
343 3606 391 3670 De
421 3595 598 3671 ietis'iuris
630 3610 838 3673 Rornanorum
870 3612 907 3672 ab
930 3612 1112 3675 Alexandro
1138 3615 1198 3677 Se-

388 3728 465 3792 uero
489 3728 590 3791 usque
613 3712 651 3773 ad
673 3710 877 3772 Iustinienum
900 3711 911 3772 l
916 3757 1191 3779 ......
1256 3717 1298 3782 20

594 3890 720 3954 CAPUT
745 3892 799 3954 111.

371 4046 523 4125 'Corporis
544 4047 623 4108 ioris
644 4049 824 4112 Instinionei
847 4051 1021 4134 descriptio.

96 4224 190 4287 Titul.
207 4227 245 4309 ,1.
345 4226 392 4289 De
418 4226 670 4291 institutionibus
704 4278 1190 4300 ..........
1253 4241 1295 4306 24

138 4371 153 4403 „
219 4326 257 4389 ΙΙ.
343 4328 390 4390 De
414 4328 577 4391 Pandeetis
598 4347 656 4393 seu
681 4332 824 4416 Digestis
858 4381 1186 4401 .......
1252 4341 1293 4409 25

137 4471 153 4503 „
219 4426 273 4488 lll.
343 4425 390 4490 De
415 4427 531 4492 Codice
590 4475 1188 4500 ............
1252 4440 1293 4505 26
