2798 4972
135 301 188 356 172
453 309 653 348 rasrrrnrroaes
672 311 746 349 unare
767 313 870 351 nourr
889 312 1012 351 mesra.

135 447 197 508 nisi
208 445 288 506 iaris
299 443 383 517 noni,
409 461 479 524 qna
501 443 628 519 dicitnr,
651 441 777 504 anilitas
797 443 931 504 admissa
955 449 1016 518 est,
1039 444 1162 504 etiamsi
1185 457 1266 503 suus
1280 442 1335 503 be-

134 563 186 608 res
201 547 255 608 vel
270 546 483 624 emancipatus
503 545 682 624 praeteritos
704 547 756 606 sit.
799 545 843 606 Ea
861 544 936 627 lege
952 544 1033 605 enim
1058 543 1189 605 heredis
1213 545 1340 606 instita·
1367 609 1371 614 ,

136 648 180 709 tio
202 647 328 727 quidem
344 647 436 726 plane
459 645 580 707 inutilis
595 652 654 722 est,
677 652 783 708 cetera
806 665 885 708 vero
906 646 1085 707 testamenti
1106 647 1212 725 capita
1230 647 1263 707 in
1288 662 1341 707 suo

135 748 252 811 robore
264 753 457 828 permanent.
481 747 656 808 idemiuris
677 754 737 823 est,
760 750 788 809 si
801 747 854 809 vel
868 748 928 809 alia
943 764 1037 809 causa
1062 764 1219 827 expressa
1240 746 1343 821 luerit,

135 867 227 930 quam
250 866 320 929 quae
345 867 362 910 a
390 848 563 909 lastiniano
586 865 644 928 pro
667 848 807 929 legitima
834 847 992 909 declarata
1020 848 1080 922 sit,
1114 844 1170 907 vcl
1201 847 1231 906 si
1264 844 1342 906 laisa

135 967 231 1013 cansa
254 947 492 1011 exheredationi
513 949 634 1010 adiecta
656 948 754 1010 luerit
784 950 804 1010 i.
826 966 854 1009 e.
878 967 926 1025 ea,
947 965 1039 1028 ιιιιιιιιι
1060 947 1157 1008 heres
1174 947 1342 1009 institutus

140 1053 276 1112 veritate
298 1051 365 1126 niti,
389 1049 525 1128 probare
549 1066 610 1110 non
633 1050 824 1134 potuerit1).

178 1171 209 1248 §-
222 1164 297 1230 608.
340 1163 551 1226 Exheredatio
573 1163 661 1226 utilis
685 1170 835 1241 nonest,
863 1164 925 1225 nisi
947 1165 980 1225 in
1000 1168 1214 1238 testamento,
1245 1181 1263 1224 a
1288 1168 1348 1225 tota

138 1267 321 1330 hereditate
342 1265 381 1327 ab
404 1266 550 1326 omnibns
572 1265 723 1346 gradibus
748 1271 779 1326 et
802 1283 820 1326 e
845 1263 957 1346 regula
980 1281 1060 1343 pure
1089 1263 1172 1325 lacta
1196 1263 1260 1338 sit,
1290 1263 1348 1325 nisi

135 1366 347 1430 indefectam
366 1365 555 1428 conditionis
578 1367 732 1428 institutio
754 1365 918 1427 adiicietur
930 1364 969 1449 ²).
1006 1363 1091 1425 lusta
1106 1369 1156 1425 cst
1171 1363 1348 1444 praeteritio

140 1467 193 1529 vel
219 1466 424 1529 exheredatio
448 1468 508 1527 rite
530 1465 629 1542 laem,
663 1468 690 1527 si
711 1472 841 1546 propter
862 1466 1020 1548 legitimas
1044 1481 1160 1526 causas
1184 1484 1257 1527 eam
1282 1483 1349 1527 me-

139 1570 263 1631 ruerint
284 1567 377 1628 liberi
402 1567 454 1628 vel
477 1573 636 1646 parentes.
681 1567 800 1630 Causas
822 1566 979 1649 singulas,
1005 1566 1186 1645 quarumin
1200 1565 1349 1644 personis

138 1669 314 1731 liberorum
336 1667 584 1746 quatuordecim,
607 1669 638 1728 in
661 1666 846 1747 parentibus
869 1686 947 1749 erga
971 1666 1090 1727 liberos
1107 1671 1181 1727 octo
1196 1664 1350 1727 iustinia-

137 1786 198 1830 nus
220 1786 278 1848 pro
301 1765 452 1848 legitimis
473 1765 666 1842 declaravit,
690 1766 843 1828 hocloco
866 1782 1053 1828 enumerare
1074 1764 1247 1841 nolanus,
1282 1782 1350 1827 cum

139 1888 180 1932 ex
200 1872 268 1949 ipsa
286 1866 419 1929 Novella
443 1866 591 1928 facillime
613 1865 816 1928 addiscuntur
825 1866 867 1952 ³).
910 1866 1082 1928 Numerum
1103 1882 1217 1927 eorum
1237 1867 1349 1949 augeri

137 1987 202 2032 non
224 1985 331 2048 posse,
357 1967 556 2029 strictissime
580 1966 771 2028 lastinianus
791 1969 953 2047 praecepit.

179 2090 210 2168 §-
225 2085 298 2149 609.
341 2084 472 2164 Propter
497 2085 553 2145 has
576 2086 676 2166 igitur
697 2102 808 2146 causas
832 2083 924 2146 liberi
946 2083 997 2144 vel
1019 2087 1171 2163 parentes
1197 2086 1262 2145 rite
1294 2101 1352 2145 ex-

138 2186 332 2250 heredantur
352 2184 404 2245 vel
427 2191 676 2264 pretereuntem
700 2184 756 2245 sed
779 2183 858 2245 illud
875 2185 966 2245 etiam
982 2183 1227 2260 admittendum,
1251 2203 1351 2265 prop-

137 2293 188 2349 ter
211 2285 336 2349 easdem
362 2303 474 2348 causas
495 2287 606 2350 iisdem
637 2294 669 2349 et
692 2287 862 2370 legitimam
891 2288 1067 2366 portionem
1092 2285 1222 2348 detrahi
1242 2286 1350 2366 po'sse,

137 2401 324 2467 quamquam
346 2386 538 2449 lastinianus
560 2388 591 2449 id
615 2390 775 2468 expressis
799 2386 906 2447 verbis
929 2403 992 2448 non
1016 2389 1177 2448 statuerit.

181 2486 307 2550 Fratres
332 2476 391 2548 vel
406 2504 534 2549 sorores
557 2489 786 2570 consanguinei
811 2493 843 2549 et
872 2489 1031 2569 germani,
1054 2489 1140 2550 iuste
1165 2490 1351 2553 exeludun-

139 2595 191 2649 tur
213 2585 251 2648 ab
274 2586 449 2648 hereditate
471 2587 577 2649 fratris
610 2594 739 2668 propter
767 2588 925 2670 ingratum
955 2588 1091 2648 animum
1121 2589 1175 2650 vel
1207 2591 1351 2653 etiamsi

138 2688 259 2768 inpari
282 2686 492 2766 turpitudine,
514 2705 574 2767 qua
597 2687 726 2750 heredis
746 2689 880 2750 instituti
901 2705 1049 2767 persona,
1071 2697 1260 2753 versantur.

180 2805 211 2885 ξ.
226 2801 298 2866 610.
343 2802 494 2864 Ceterum
517 2805 667 2866 militibus
691 2821 820 2885 quoquo
844 2804 936 2866 modo
950 2805 1140 2866 testantibus
1157 2824 1350 2868 eoncessum

138 2908 205 2966 est:
231 2907 267 2963 ut
291 2909 474 2965 testamenta
497 2922 605 2966 eorum
628 2923 752 2985 semper
775 2904 913 2981 valeant,
935 2922 1006 2984 quae
1020 2907 1048 2967 si
1063 2907 1183 2988 pagani
1201 2908 1349 2982 luissent,

146 3076 344 3087 —-—.

177 3210 205 3275 3)
225 3214 293 3264 Nou.
313 3210 374 3264 115.
394 3229 416 3264 e.
437 3210 463 3264 3.
481 3213 509 3263 in
527 3214 546 3263 1.
566 3229 588 3264 o.
604 3211 631 3263 4.
651 3229 674 3264 c.
693 3210 719 3265 5.
738 3213 821 3264 initio.
841 3215 898 3264 Iam
917 3230 934 3263 a
954 3214 1143 3266 Glossetorum
1160 3216 1229 3268 inde
1250 3221 1350 3282 tempo-

141 3286 217 3337 ribus
241 3285 397 3349 interpretes
425 3283 459 3336 de
483 3300 515 3335 eo
541 3284 741 3350 disceptabant,
761 3291 848 3336 uuum
866 3286 981 3337 Novella
1001 3286 1082 3337 CXV.
1100 3288 1260 3340 necessario
1279 3286 1350 3352 insti·

141 3355 251 3408 tuendis
269 3371 287 3405 a
304 3357 477 3407 testatoribus
495 3372 558 3407 vero
576 3356 705 3422 neglectis
730 3358 851 3421 personis
875 3373 976 3408 nouum
998 3358 1064 3409 iuris
1090 3360 1244 3410 remedium
1272 3358 1350 3409 intro-

143 3429 262 3489 ductum,
281 3441 316 3476 an
334 3427 475 3478 inofficiosi
498 3427 648 3478 testamenti
667 3427 777 3493 querela
800 3432 915 3489 servata,
937 3428 985 3479 sed
1009 3429 1082 3496 quod
1106 3429 1224 3482 adeius
1246 3430 1303 3479 aim
1327 3432 1351 3480 et

142 3500 265 3551 effectum
286 3499 388 3560 attinet,
408 3501 553 3550 reformata
575 3498 626 3548 siti
672 3497 737 3558 Qua
755 3499 936 3549 conaoverds
959 3506 1051 3551 nostra
1073 3515 1182 3568 quoqne
1209 3505 1291 3552 aetate
1308 3516 1350 3550 re

139 3573 279 3621 hementer
294 3570 405 3635 agitata,
421 3575 482 3637 post
499 3585 598 3621 novam
613 3568 732 3618 Novella
749 3568 994 3633 interpretationem
1013 3586 1031 3620 a
1051 3573 1266 3623 notabilioribus
1286 3570 1348 3622 Ger·

139 3641 235 3691 mania
254 3641 323 3691 lctis
341 3643 423 3693 veluti
441 3643 615 3702 Blamecble',
644 3639 784 3702 Francke,
808 3639 918 3691 Paebta
928 3677 936 3702 ,
958 3641 1164 3694 Meiblenbrucb
1182 3643 1351 3709 propositam

138 3711 331 3763 inextricabilis
350 3714 406 3763 fere
425 3713 520 3763 effecta
538 3717 585 3762 est
623 3710 732 3762 Summa
750 3711 819 3761 enim
834 3716 874 3762 est
887 3714 1123 3776 pugnaueriarum
1140 3712 1176 3764 de
1194 3715 1249 3765 hae
1268 3729 1351 3780 qnes-

140 3784 213 3833 tione
232 3783 300 3832 inter
318 3799 347 3834 se
367 3783 574 3849 discrepantum
593 3782 760 3847 opinionum:
785 3786 870 3831 utrum
891 3783 1007 3834 Novella
1027 3785 1185 3835 universnm
1210 3787 1256 3837 ius
1275 3789 1351 3836 uetus

140 3855 212 3905 circe
230 3852 454 3905 exheredationes
473 3860 500 3904 et
513 3853 702 3918 praeteritiones
720 3853 866 3903 liberorum
885 3856 1048 3919 abrogatam
1067 3857 1116 3917 sit,
1144 3870 1182 3906 an
1198 3873 1275 3907 nova
1295 3861 1351 3905 tan-

141 3932 198 3976 turn
220 3925 245 3973 ei
264 3925 352 3989 capita
362 3925 414 3975 sint
436 3924 550 3974 addita?
587 3924 764 3974 Posteriorem
782 3923 861 3974 huius
881 3927 1066 3976 controversia
1087 3926 1275 3978 definitionem
1289 3942 1351 3976 ane-

138 4003 180 4049 tor
202 3994 282 4045 huius
299 3996 360 4045 libri
380 3995 524 4046 defendere
543 3995 660 4055 studuit,
684 3995 713 4043 in
731 3997 940 4046 Commentarei'e
958 3997 1011 4046 suis
1030 4001 1049 4046 t.
1058 3997 1107 4047 III.
1126 3995 1350 4056 §.1031-1033.

138 4067 272 4132 simulque
292 4072 432 4117 auctorum
450 4067 617 4126 sententiam,
636 4065 682 4132 qui
702 4070 815 4130 negant:
838 4065 951 4115 Novella
962 4066 1043 4117 (11111.
1062 4067 1214 4136 quidquam
1234 4068 1271 4120 de
1290 4084 1351 4136 que

139 4138 198 4191 rela
217 4137 359 4188 inoffieioei
378 4136 528 4187 testamenti
546 4138 633 4188 statui
669 4135 802 4186 Eamdem
821 4137 990 4199 sententiam,
1007 4139 1167 4206 interpretes
1186 4141 1351 4192 reeenh‘oree

139 4225 195 4261 non
212 4211 309 4261 fnestra
326 4210 488 4273 impugnans
508 4212 534 4258 et
551 4212 635 4258 totam
646 4208 853 4258 conborersiam
868 4207 1033 4260 lucidissime
1053 4210 1206 4275 illustrans,
1227 4210 1350 4264 defendit

140 4298 165 4333 a.
189 4278 347 4344 Vaetgerow,
368 4279 513 4330 Lebrbucb
531 4275 556 4335 §.
575 4273 726 4328 485-486.
842 4277 846 4283 ’

175 4345 203 4413 1)
221 4350 284 4415 Arg.
304 4353 337 4401 t'r.
356 4348 382 4400 3.
399 4366 439 4415 pr.
460 4348 483 4406 §-
506 4348 530 4399 1.
550 4350 581 4398 fr.
601 4347 644 4400 19.
662 4349 696 4398 D.
714 4349 741 4399 h.
760 4353 779 4398 t
806 4349 897 4399 Potest
914 4349 1132 4402 conditionaliter
1156 4351 1217 4404 fieri
1237 4352 1350 4404 exhere-

142 4419 215 4470 datio
233 4420 330 4470 eodem
349 4419 431 4471 modo
450 4435 484 4468 ae
500 4418 638 4470 institutio.

181 4485 211 4554 2)
233 4491 431 4544 Enumerantur
447 4489 692 4544 inOommentare‘e‘e
700 4488 775 4553 meis,
791 4493 855 4542 tom.
861 4490 908 4541 111.
926 4487 1149 4554 §.loeo-1035.
1161 4488 1350 4560 [1294-295.
