<?xml version="1.0" encoding="UTF-8"?>
<!DOCTYPE html PUBLIC "-//W3C//DTD XHTML 1.0 Transitional//EN"
    "http://www.w3.org/TR/xhtml1/DTD/xhtml1-transitional.dtd">
<html xmlns="http://www.w3.org/1999/xhtml" xml:lang="en" lang="en">
 <head>
  <title>
</title>
<meta http-equiv="Content-Type" content="text/html;charset=utf-8" />
  <meta name='ocr-system' content='tesseract 3.04.00' />
  <meta name='ocr-capabilities' content='ocr_page ocr_carea ocr_par ocr_line ocrx_word'/>
</head>
<body>
  <div class='ocr_page' id='page_1' title='image "./institutionesiu00warngoog_0288.png"; bbox 0 0 2804 4966; ppageno 0'>
   <div class='ocr_carea' id='block_1_1' title="bbox 546 167 1275 237">
    <p class='ocr_par' dir='ltr' id='par_1_1' title="bbox 546 167 1275 237">
     <span class='ocr_line' id='line_1_1' title="bbox 546 167 1275 237; baseline -0.005 -20"><span class='ocrx_word' id='word_1_1' title='bbox 546 179 627 217; x_wconf 76' lang='lat' dir='ltr'>urm</span> <span class='ocrx_word' id='word_1_2' title='bbox 648 177 690 215; x_wconf 90' lang='lat' dir='ltr'>nr.</span> <span class='ocrx_word' id='word_1_3' title='bbox 705 176 768 237; x_wconf 71' lang='lat' dir='ltr'>cnr.</span> <span class='ocrx_word' id='word_1_4' title='bbox 789 177 815 213; x_wconf 89' lang='grc'>11.</span> <span class='ocrx_word' id='word_1_5' title='bbox 1223 167 1275 223; x_wconf 79' lang='lat'>271</span> 
     </span>
    </p>
   </div>
   <div class='ocr_carea' id='block_1_2' title="bbox 68 308 1282 3212">
    <p class='ocr_par' dir='ltr' id='par_1_2' title="bbox 68 308 1277 997">
     <span class='ocr_line' id='line_1_2' title="bbox 72 308 1276 391; baseline -0.007 -12"><span class='ocrx_word' id='word_1_6' title='bbox 72 331 117 379; x_wconf 79' lang='lat' dir='ltr'>ex</span> <span class='ocrx_word' id='word_1_7' title='bbox 140 309 433 388; x_wconf 65' lang='lat' dir='ltr'>cannabinum</span> <span class='ocrx_word' id='word_1_8' title='bbox 458 310 486 371; x_wconf 90' lang='lat' dir='ltr'>si</span> <span class='ocrx_word' id='word_1_9' title='bbox 509 310 547 385; x_wconf 87' lang='lat' dir='ltr'>ia,</span> <span class='ocrx_word' id='word_1_10' title='bbox 568 312 619 371; x_wconf 90' lang='lat' dir='ltr'>cui</span> <span class='ocrx_word' id='word_1_11' title='bbox 641 309 788 373; x_wconf 88' lang='lat' dir='ltr'>donatum</span> <span class='ocrx_word' id='word_1_12' title='bbox 811 314 870 384; x_wconf 90' lang='lat' dir='ltr'>est,</span> <span class='ocrx_word' id='word_1_13' title='bbox 894 310 1038 391; x_wconf 83' lang='lat' dir='ltr'>ingratus</span> <span class='ocrx_word' id='word_1_14' title='bbox 1052 310 1083 370; x_wconf 95' lang='lat' dir='ltr'>in</span> <span class='ocrx_word' id='word_1_15' title='bbox 1095 308 1276 371; x_wconf 87' lang='lat' dir='ltr'>donatorem</span> 
     </span>
     <span class='ocr_line' id='line_1_3' title="bbox 68 408 1275 488; baseline -0.002 -14"><span class='ocrx_word' id='word_1_16' title='bbox 68 414 268 488; x_wconf 84' lang='lat' dir='ltr'>inveniatur,</span> <span class='ocrx_word' id='word_1_17' title='bbox 292 413 409 474; x_wconf 84' lang='lat' dir='ltr'>itaut:</span> <span class='ocrx_word' id='word_1_18' title='bbox 437 411 463 472; x_wconf 93' lang='lat' dir='ltr'>l.</span> <span class='ocrx_word' id='word_1_19' title='bbox 487 415 610 473; x_wconf 81' lang='lat' dir='ltr'><strong>atroces</strong></span> <span class='ocrx_word' id='word_1_20' title='bbox 633 411 765 473; x_wconf 89' lang='lat' dir='ltr'>iniurias</span> <span class='ocrx_word' id='word_1_21' title='bbox 788 413 819 471; x_wconf 94' lang='lat' dir='ltr'>in</span> <span class='ocrx_word' id='word_1_22' title='bbox 844 427 915 472; x_wconf 91' lang='lat' dir='ltr'>eum</span> <span class='ocrx_word' id='word_1_23' title='bbox 939 408 1058 487; x_wconf 88' lang='lat' dir='ltr'>fundat,</span> <span class='ocrx_word' id='word_1_24' title='bbox 1081 409 1111 473; x_wconf 78' lang='lat'>2.</span> <span class='ocrx_word' id='word_1_25' title='bbox 1135 416 1188 472; x_wconf 92' lang='lat' dir='ltr'>aut</span> <span class='ocrx_word' id='word_1_26' title='bbox 1208 427 1275 471; x_wconf 89' lang='lat' dir='ltr'>ma-</span> 
     </span>
     <span class='ocr_line' id='line_1_4' title="bbox 68 509 1275 594; baseline -0.006 -14"><span class='ocrx_word' id='word_1_27' title='bbox 68 532 135 581; x_wconf 87' lang='lat' dir='ltr'>nus</span> <span class='ocrx_word' id='word_1_28' title='bbox 159 514 272 594; x_wconf 83' lang='lat' dir='ltr'>impias</span> <span class='ocrx_word' id='word_1_29' title='bbox 296 513 326 575; x_wconf 91' lang='lat' dir='ltr'>ei</span> <span class='ocrx_word' id='word_1_30' title='bbox 349 509 475 587; x_wconf 84' lang='lat' dir='ltr'>inserat,</span> <span class='ocrx_word' id='word_1_31' title='bbox 502 510 533 575; x_wconf 88' lang='grc'>3.</span> <span class='ocrx_word' id='word_1_32' title='bbox 559 515 613 573; x_wconf 91' lang='lat' dir='ltr'>aut</span> <span class='ocrx_word' id='word_1_33' title='bbox 635 512 764 574; x_wconf 88' lang='lat' dir='ltr'>iacturae</span> <span class='ocrx_word' id='word_1_34' title='bbox 786 509 899 573; x_wconf 90' lang='lat' dir='ltr'>molem</span> <span class='ocrx_word' id='word_1_35' title='bbox 922 528 962 573; x_wconf 84' lang='lat' dir='ltr'>ex</span> <span class='ocrx_word' id='word_1_36' title='bbox 985 509 1109 572; x_wconf 87' lang='lat' dir='ltr'>insidiis</span> <span class='ocrx_word' id='word_1_37' title='bbox 1132 512 1199 573; x_wconf 89' lang='lat' dir='ltr'>suis</span> <span class='ocrx_word' id='word_1_38' title='bbox 1222 512 1275 575; x_wconf 89' lang='lat' dir='ltr'>in-</span> 
     </span>
     <span class='ocr_line' id='line_1_5' title="bbox 72 611 1276 696; baseline -0.002 -19"><span class='ocrx_word' id='word_1_39' title='bbox 72 618 187 696; x_wconf 82' lang='lat' dir='ltr'>gerat,</span> <span class='ocrx_word' id='word_1_40' title='bbox 222 629 293 692; x_wconf 80' lang='lat' dir='ltr'>qute</span> <span class='ocrx_word' id='word_1_41' title='bbox 321 629 384 673; x_wconf 91' lang='lat' dir='ltr'>non</span> <span class='ocrx_word' id='word_1_42' title='bbox 410 611 540 673; x_wconf 89' lang='lat' dir='ltr'>brevem</span> <span class='ocrx_word' id='word_1_43' title='bbox 570 629 699 674; x_wconf 91' lang='lat' dir='ltr'>sensum</span> <span class='ocrx_word' id='word_1_44' title='bbox 725 613 908 674; x_wconf 80' lang='lat' dir='ltr'>substantiae</span> <span class='ocrx_word' id='word_1_45' title='bbox 935 612 1096 675; x_wconf 77' lang='lat' dir='ltr'>donatoris</span> <span class='ocrx_word' id='word_1_46' title='bbox 1127 614 1276 692; x_wconf 87' lang='lat' dir='ltr'>imponat,</span> 
     </span>
     <span class='ocr_line' id='line_1_6' title="bbox 71 711 1276 794; baseline -0.004 -13"><span class='ocrx_word' id='word_1_47' title='bbox 71 715 107 781; x_wconf 86' lang='lat'>4.</span> <span class='ocrx_word' id='word_1_48' title='bbox 131 713 188 777; x_wconf 83' lang='lat' dir='ltr'>uel</span> <span class='ocrx_word' id='word_1_49' title='bbox 216 715 289 777; x_wconf 76' lang='lat' dir='ltr'>vite</span> <span class='ocrx_word' id='word_1_50' title='bbox 313 713 490 794; x_wconf 85' lang='lat' dir='ltr'>perieulum</span> <span class='ocrx_word' id='word_1_51' title='bbox 519 711 647 794; x_wconf 82' lang='lat' dir='ltr'>aliquod</span> <span class='ocrx_word' id='word_1_52' title='bbox 673 715 702 776; x_wconf 93' lang='lat' dir='ltr'>ei</span> <span class='ocrx_word' id='word_1_53' title='bbox 726 712 885 790; x_wconf 89' lang='lat' dir='ltr'>intulerit,</span> <span class='ocrx_word' id='word_1_54' title='bbox 914 714 944 779; x_wconf 85' lang='lat'>5.</span> <span class='ocrx_word' id='word_1_55' title='bbox 967 713 1021 774; x_wconf 88' lang='lat' dir='ltr'>vel</span> <span class='ocrx_word' id='word_1_56' title='bbox 1049 715 1276 776; x_wconf 79' lang='lat' dir='ltr'>conventiones</span> 
     </span>
     <span class='ocr_line' id='line_1_7' title="bbox 74 813 1277 895; baseline 0.002 -21"><span class='ocrx_word' id='word_1_57' title='bbox 74 814 150 877; x_wconf 81' lang='lat' dir='ltr'>sive</span> <span class='ocrx_word' id='word_1_58' title='bbox 169 815 296 895; x_wconf 82' lang='lat' dir='ltr'>scriptis</span> <span class='ocrx_word' id='word_1_59' title='bbox 321 813 481 879; x_wconf 90' lang='lat' dir='ltr'>donationi</span> <span class='ocrx_word' id='word_1_60' title='bbox 505 815 666 895; x_wconf 88' lang='lat' dir='ltr'>impositas</span> <span class='ocrx_word' id='word_1_61' title='bbox 688 816 760 877; x_wconf 90' lang='lat' dir='ltr'>sive</span> <span class='ocrx_word' id='word_1_62' title='bbox 781 816 851 877; x_wconf 91' lang='lat' dir='ltr'>sine</span> <span class='ocrx_word' id='word_1_63' title='bbox 875 815 1001 894; x_wconf 88' lang='lat' dir='ltr'>scriptis</span> <span class='ocrx_word' id='word_1_64' title='bbox 1025 813 1167 891; x_wconf 86' lang='lat' dir='ltr'>habitas,</span> <span class='ocrx_word' id='word_1_65' title='bbox 1198 830 1277 895; x_wconf 78' lang='lat' dir='ltr'>quae</span> 
     </span>
     <span class='ocr_line' id='line_1_8' title="bbox 76 913 1138 997; baseline -0.001 -21"><span class='ocrx_word' id='word_1_66' title='bbox 76 913 257 979; x_wconf 83' lang='lat' dir='ltr'>donationis</span> <span class='ocrx_word' id='word_1_67' title='bbox 279 918 428 993; x_wconf 87' lang='lat' dir='ltr'>acceptor</span> <span class='ocrx_word' id='word_1_68' title='bbox 451 914 628 995; x_wconf 76' lang='lat' dir='ltr'>spopondit,</span> <span class='ocrx_word' id='word_1_69' title='bbox 653 916 777 978; x_wconf 91' lang='lat' dir='ltr'>minime</span> <span class='ocrx_word' id='word_1_70' title='bbox 798 914 929 996; x_wconf 91' lang='lat' dir='ltr'>implere</span> <span class='ocrx_word' id='word_1_71' title='bbox 951 915 1088 978; x_wconf 85' lang='lat' dir='ltr'>voluerit</span> <span class='ocrx_word' id='word_1_72' title='bbox 1101 918 1138 997; x_wconf 75' lang='lat'>1).</span> 
     </span>
    </p>

    <p class='ocr_par' dir='ltr' id='par_1_3' title="bbox 76 1013 1280 1506">
     <span class='ocr_line' id='line_1_9' title="bbox 120 1013 1277 1097; baseline -0.001 -18"><span class='ocrx_word' id='word_1_73' title='bbox 120 1018 153 1097; x_wconf 66' lang='grc' dir='ltr'>ξ.</span> <span class='ocrx_word' id='word_1_74' title='bbox 168 1014 240 1081; x_wconf 88' lang='grc'><strong>958.</strong></span> <span class='ocrx_word' id='word_1_75' title='bbox 284 1013 317 1078; x_wconf 83' lang='lat' dir='ltr'>st</span> <span class='ocrx_word' id='word_1_76' title='bbox 338 1020 489 1094; x_wconf 87' lang='lat' dir='ltr'>patronus</span> <span class='ocrx_word' id='word_1_77' title='bbox 514 1014 631 1079; x_wconf 84' lang='lat' dir='ltr'>liberos</span> <span class='ocrx_word' id='word_1_78' title='bbox 656 1033 719 1078; x_wconf 93' lang='lat' dir='ltr'>non</span> <span class='ocrx_word' id='word_1_79' title='bbox 743 1017 881 1093; x_wconf 81' lang='lat' dir='ltr'>babens,</span> <span class='ocrx_word' id='word_1_80' title='bbox 911 1015 1035 1078; x_wconf 88' lang='lat' dir='ltr'>libertis</span> <span class='ocrx_word' id='word_1_81' title='bbox 1064 1016 1145 1079; x_wconf 89' lang='lat' dir='ltr'>bona</span> <span class='ocrx_word' id='word_1_82' title='bbox 1176 1018 1277 1079; x_wconf 84' lang='lat' dir='ltr'>omniu</span> 
     </span>
     <span class='ocr_line' id='line_1_10' title="bbox 76 1114 1278 1198; baseline 0.001 -21"><span class='ocrx_word' id='word_1_83' title='bbox 76 1115 133 1178; x_wconf 80' lang='lat' dir='ltr'>vel</span> <span class='ocrx_word' id='word_1_84' title='bbox 156 1120 277 1197; x_wconf 87' lang='lat' dir='ltr'>partem</span> <span class='ocrx_word' id='word_1_85' title='bbox 297 1114 473 1192; x_wconf 84' lang='lat' dir='ltr'>donaverit,</span> <span class='ocrx_word' id='word_1_86' title='bbox 498 1121 529 1177; x_wconf 90' lang='lat' dir='ltr'>et</span> <span class='ocrx_word' id='word_1_87' title='bbox 550 1121 660 1197; x_wconf 92' lang='lat' dir='ltr'>postea</span> <span class='ocrx_word' id='word_1_88' title='bbox 683 1116 800 1181; x_wconf 90' lang='lat' dir='ltr'>liberos</span> <span class='ocrx_word' id='word_1_89' title='bbox 823 1118 1011 1198; x_wconf 84' lang='lat' dir='ltr'>susceperit,</span> <span class='ocrx_word' id='word_1_90' title='bbox 1037 1123 1152 1193; x_wconf 91' lang='lat' dir='ltr'>totum,</span> <span class='ocrx_word' id='word_1_91' title='bbox 1181 1116 1278 1197; x_wconf 90' lang='lat' dir='ltr'>quid-</span> 
     </span>
     <span class='ocr_line' id='line_1_11' title="bbox 79 1214 1278 1306; baseline 0 -27"><span class='ocrx_word' id='word_1_92' title='bbox 79 1216 160 1298; x_wconf 89' lang='lat' dir='ltr'>quid</span> <span class='ocrx_word' id='word_1_93' title='bbox 184 1214 319 1299; x_wconf 81' lang='lat' dir='ltr'>lurgitus</span> <span class='ocrx_word' id='word_1_94' title='bbox 342 1215 456 1294; x_wconf 84' lang='lat' dir='ltr'>fuerit,</span> <span class='ocrx_word' id='word_1_95' title='bbox 488 1223 668 1306; x_wconf 80' lang='lat' dir='ltr'>revertatur</span> <span class='ocrx_word' id='word_1_96' title='bbox 689 1219 720 1280; x_wconf 96' lang='lat' dir='ltr'>in</span> <span class='ocrx_word' id='word_1_97' title='bbox 742 1218 883 1281; x_wconf 90' lang='lat' dir='ltr'>eiusdem</span> <span class='ocrx_word' id='word_1_98' title='bbox 908 1218 1067 1298; x_wconf 85' lang='lat' dir='ltr'>donatoris</span> <span class='ocrx_word' id='word_1_99' title='bbox 1091 1217 1219 1280; x_wconf 88' lang='lat' dir='ltr'>arbitrio</span> <span class='ocrx_word' id='word_1_100' title='bbox 1242 1235 1278 1279; x_wconf 86' lang='lat' dir='ltr'>ac</span> 
     </span>
     <span class='ocr_line' id='line_1_12' title="bbox 79 1317 1280 1401; baseline 0.002 -22"><span class='ocrx_word' id='word_1_101' title='bbox 79 1317 203 1381; x_wconf 89' lang='lat' dir='ltr'>ditione</span> <span class='ocrx_word' id='word_1_102' title='bbox 224 1332 424 1391; x_wconf 85' lang='lat' dir='ltr'>mansurum3</span> <span class='ocrx_word' id='word_1_103' title='bbox 448 1333 517 1397; x_wconf 82' lang='lat' dir='ltr'>quae</span> <span class='ocrx_word' id='word_1_104' title='bbox 536 1318 709 1401; x_wconf 83' lang='lat' dir='ltr'>singularis</span> <span class='ocrx_word' id='word_1_105' title='bbox 731 1320 810 1381; x_wconf 90' lang='lat' dir='ltr'>iuris</span> <span class='ocrx_word' id='word_1_106' title='bbox 827 1319 992 1399; x_wconf 85' lang='lat' dir='ltr'>dispositio</span> <span class='ocrx_word' id='word_1_107' title='bbox 1010 1319 1048 1382; x_wconf 83' lang='lat' dir='ltr'>ad</span> <span class='ocrx_word' id='word_1_108' title='bbox 1064 1317 1140 1382; x_wconf 89' lang='lat' dir='ltr'>alias</span> <span class='ocrx_word' id='word_1_109' title='bbox 1157 1319 1280 1383; x_wconf 89' lang='lat' dir='ltr'>donan-</span> 
     </span>
     <span class='ocr_line' id='line_1_13' title="bbox 77 1418 758 1506; baseline 0.003 -28"><span class='ocrx_word' id='word_1_110' title='bbox 77 1418 158 1483; x_wconf 85' lang='lat' dir='ltr'>tium</span> <span class='ocrx_word' id='word_1_111' title='bbox 180 1434 333 1499; x_wconf 81' lang='lat' dir='ltr'>personas</span> <span class='ocrx_word' id='word_1_112' title='bbox 356 1418 554 1483; x_wconf 88' lang='lat' dir='ltr'>exteudenda</span> <span class='ocrx_word' id='word_1_113' title='bbox 575 1437 636 1481; x_wconf 93' lang='lat' dir='ltr'>non</span> <span class='ocrx_word' id='word_1_114' title='bbox 658 1425 708 1482; x_wconf 90' lang='lat' dir='ltr'>est</span> <span class='ocrx_word' id='word_1_115' title='bbox 718 1420 758 1506; x_wconf 70' lang='lat'>²).</span> 
     </span>
    </p>

    <p class='ocr_par' dir='ltr' id='par_1_4' title="bbox 78 1516 1281 1907">
     <span class='ocr_line' id='line_1_14' title="bbox 121 1516 1280 1602; baseline 0 -20"><span class='ocrx_word' id='word_1_116' title='bbox 121 1519 154 1601; x_wconf 65' lang='grc' dir='ltr'>ξ.</span> <span class='ocrx_word' id='word_1_117' title='bbox 168 1518 241 1585; x_wconf 91' lang='grc'><strong>959.</strong></span> <span class='ocrx_word' id='word_1_118' title='bbox 287 1516 440 1583; x_wconf 82' lang='lat' dir='ltr'>Gaeterum</span> <span class='ocrx_word' id='word_1_119' title='bbox 455 1519 495 1581; x_wconf 95' lang='lat' dir='ltr'>ob</span> <span class='ocrx_word' id='word_1_120' title='bbox 510 1524 668 1602; x_wconf 83' lang='lat' dir='ltr'>ingratum</span> <span class='ocrx_word' id='word_1_121' title='bbox 683 1520 852 1583; x_wconf 88' lang='lat' dir='ltr'>donatione</span> <span class='ocrx_word' id='word_1_122' title='bbox 867 1521 1011 1583; x_wconf 88' lang='lat' dir='ltr'>honorati</span> <span class='ocrx_word' id='word_1_123' title='bbox 1025 1523 1170 1597; x_wconf 89' lang='lat' dir='ltr'>animum,</span> <span class='ocrx_word' id='word_1_124' title='bbox 1192 1521 1280 1584; x_wconf 86' lang='lat' dir='ltr'>solus</span> 
     </span>
     <span class='ocr_line' id='line_1_15' title="bbox 78 1618 1281 1702; baseline 0.001 -21"><span class='ocrx_word' id='word_1_125' title='bbox 78 1618 234 1697; x_wconf 66' lang='lat' dir='ltr'>donrdor,</span> <span class='ocrx_word' id='word_1_126' title='bbox 261 1636 367 1701; x_wconf 90' lang='lat' dir='ltr'>neque</span> <span class='ocrx_word' id='word_1_127' title='bbox 386 1637 466 1681; x_wconf 88' lang='lat' dir='ltr'>vero</span> <span class='ocrx_word' id='word_1_128' title='bbox 488 1621 556 1682; x_wconf 90' lang='lat' dir='ltr'>eius</span> <span class='ocrx_word' id='word_1_129' title='bbox 581 1620 675 1682; x_wconf 88' lang='lat' dir='ltr'>heres</span> <span class='ocrx_word' id='word_1_130' title='bbox 699 1620 896 1683; x_wconf 88' lang='lat' dir='ltr'>donationem</span> <span class='ocrx_word' id='word_1_131' title='bbox 918 1638 1071 1682; x_wconf 87' lang='lat' dir='ltr'>revocare</span> <span class='ocrx_word' id='word_1_132' title='bbox 1095 1627 1218 1702; x_wconf 89' lang='lat' dir='ltr'>potest,</span> <span class='ocrx_word' id='word_1_133' title='bbox 1249 1627 1281 1683; x_wconf 91' lang='lat' dir='ltr'>et</span> 
     </span>
     <span class='ocr_line' id='line_1_16' title="bbox 78 1717 1281 1806; baseline 0.002 -27"><span class='ocrx_word' id='word_1_134' title='bbox 78 1723 146 1780; x_wconf 90' lang='lat' dir='ltr'>tum</span> <span class='ocrx_word' id='word_1_135' title='bbox 177 1717 318 1797; x_wconf 90' lang='lat' dir='ltr'>demum,</span> <span class='ocrx_word' id='word_1_136' title='bbox 350 1738 418 1782; x_wconf 89' lang='lat' dir='ltr'>cnm</span> <span class='ocrx_word' id='word_1_137' title='bbox 450 1738 542 1782; x_wconf 86' lang='lat' dir='ltr'>causa</span> <span class='ocrx_word' id='word_1_138' title='bbox 574 1720 720 1783; x_wconf 88' lang='lat' dir='ltr'>dilucidis</span> <span class='ocrx_word' id='word_1_139' title='bbox 752 1722 948 1806; x_wconf 86' lang='lat' dir='ltr'>argumentis</span> <span class='ocrx_word' id='word_1_140' title='bbox 976 1722 1007 1782; x_wconf 94' lang='lat' dir='ltr'>in</span> <span class='ocrx_word' id='word_1_141' title='bbox 1037 1721 1153 1785; x_wconf 92' lang='lat' dir='ltr'>iudicio</span> <span class='ocrx_word' id='word_1_142' title='bbox 1185 1721 1281 1784; x_wconf 90' lang='lat' dir='ltr'>luerit</span> 
     </span>
     <span class='ocr_line' id='line_1_17' title="bbox 82 1817 270 1907; baseline 0.005 -28"><span class='ocrx_word' id='word_1_143' title='bbox 82 1817 270 1907; x_wconf 69' lang='lat' dir='ltr'>promul).</span> 
     </span>
    </p>

    <p class='ocr_par' dir='ltr' id='par_1_5' title="bbox 79 1919 1282 2813">
     <span class='ocr_line' id='line_1_18' title="bbox 122 1919 1281 2004; baseline -0.003 -17"><span class='ocrx_word' id='word_1_144' title='bbox 122 1923 154 2003; x_wconf 73' lang='lat'>§·</span> <span class='ocrx_word' id='word_1_145' title='bbox 167 1919 240 1987; x_wconf 84' lang='lat'>960.</span> <span class='ocrx_word' id='word_1_146' title='bbox 282 1920 420 2003; x_wconf 77' lang='lat' dir='ltr'>Propriae</span> <span class='ocrx_word' id='word_1_147' title='bbox 435 1921 612 1985; x_wconf 90' lang='lat' dir='ltr'>donationis</span> <span class='ocrx_word' id='word_1_148' title='bbox 630 1924 755 2003; x_wconf 90' lang='lat' dir='ltr'>species</span> <span class='ocrx_word' id='word_1_149' title='bbox 771 1928 844 1986; x_wconf 90' lang='lat' dir='ltr'>sunt</span> <span class='ocrx_word' id='word_1_150' title='bbox 863 1942 933 2004; x_wconf 83' lang='lat' dir='ltr'>quae</span> <span class='ocrx_word' id='word_1_151' title='bbox 946 1922 1168 1986; x_wconf 88' lang='lat' dir='ltr'>remunerandi</span> <span class='ocrx_word' id='word_1_152' title='bbox 1181 1921 1281 2004; x_wconf 81' lang='lat' dir='ltr'>gratia</span> 
     </span>
     <span class='ocr_line' id='line_1_19' title="bbox 79 2018 1282 2104; baseline 0.004 -25"><span class='ocrx_word' id='word_1_153' title='bbox 79 2018 134 2099; x_wconf 87' lang='lat' dir='ltr'>lit,</span> <span class='ocrx_word' id='word_1_154' title='bbox 161 2026 216 2083; x_wconf 88' lang='lat' dir='ltr'>ant</span> <span class='ocrx_word' id='word_1_155' title='bbox 237 2022 288 2083; x_wconf 91' lang='lat' dir='ltr'>cui</span> <span class='ocrx_word' id='word_1_156' title='bbox 309 2021 419 2085; x_wconf 90' lang='lat' dir='ltr'>modus</span> <span class='ocrx_word' id='word_1_157' title='bbox 441 2023 620 2103; x_wconf 88' lang='lat' dir='ltr'>imponitur.</span> <span class='ocrx_word' id='word_1_158' title='bbox 669 2023 724 2086; x_wconf 86' lang='lat' dir='ltr'>llla</span> <span class='ocrx_word' id='word_1_159' title='bbox 746 2025 826 2086; x_wconf 90' lang='lat' dir='ltr'>enim</span> <span class='ocrx_word' id='word_1_160' title='bbox 848 2023 1036 2104; x_wconf 86' lang='lat' dir='ltr'>simulatque</span> <span class='ocrx_word' id='word_1_161' title='bbox 1064 2023 1187 2103; x_wconf 86' lang='lat' dir='ltr'>expleta</span> <span class='ocrx_word' id='word_1_162' title='bbox 1208 2023 1282 2084; x_wconf 87' lang='lat' dir='ltr'>lue-</span> 
     </span>
     <span class='ocr_line' id='line_1_20' title="bbox 79 2120 1282 2205; baseline 0.002 -23"><span class='ocrx_word' id='word_1_163' title='bbox 79 2120 143 2197; x_wconf 91' lang='lat' dir='ltr'>rit,</span> <span class='ocrx_word' id='word_1_164' title='bbox 164 2138 229 2183; x_wconf 92' lang='lat' dir='ltr'>non</span> <span class='ocrx_word' id='word_1_165' title='bbox 248 2139 306 2202; x_wconf 92' lang='lat' dir='ltr'>pro</span> <span class='ocrx_word' id='word_1_166' title='bbox 329 2121 538 2199; x_wconf 82' lang='lat' dir='ltr'>liberalitate,</span> <span class='ocrx_word' id='word_1_167' title='bbox 562 2123 618 2186; x_wconf 91' lang='lat' dir='ltr'>sed</span> <span class='ocrx_word' id='word_1_168' title='bbox 642 2125 730 2204; x_wconf 88' lang='lat' dir='ltr'>quasi</span> <span class='ocrx_word' id='word_1_169' title='bbox 752 2143 810 2205; x_wconf 91' lang='lat' dir='ltr'>pro</span> <span class='ocrx_word' id='word_1_170' title='bbox 833 2124 931 2187; x_wconf 91' lang='lat' dir='ltr'>debiti</span> <span class='ocrx_word' id='word_1_171' title='bbox 954 2124 1104 2186; x_wconf 89' lang='lat' dir='ltr'>naturalis</span> <span class='ocrx_word' id='word_1_172' title='bbox 1124 2123 1282 2186; x_wconf 89' lang='lat' dir='ltr'>solutione</span> 
     </span>
     <span class='ocr_line' id='line_1_21' title="bbox 79 2220 1281 2310; baseline 0.002 -27"><span class='ocrx_word' id='word_1_173' title='bbox 79 2220 264 2302; x_wconf 84' lang='lat' dir='ltr'>accipienda</span> <span class='ocrx_word' id='word_1_174' title='bbox 289 2227 357 2298; x_wconf 89' lang='lat' dir='ltr'>est,</span> <span class='ocrx_word' id='word_1_175' title='bbox 384 2240 473 2303; x_wconf 89' lang='lat' dir='ltr'>quam</span> <span class='ocrx_word' id='word_1_176' title='bbox 497 2222 585 2285; x_wconf 92' lang='lat' dir='ltr'>nullo</span> <span class='ocrx_word' id='word_1_177' title='bbox 607 2225 640 2285; x_wconf 92' lang='lat' dir='ltr'>in</span> <span class='ocrx_word' id='word_1_178' title='bbox 661 2241 736 2286; x_wconf 86' lang='lat' dir='ltr'>casu</span> <span class='ocrx_word' id='word_1_179' title='bbox 759 2244 913 2288; x_wconf 88' lang='lat' dir='ltr'>revocare</span> <span class='ocrx_word' id='word_1_180' title='bbox 936 2225 1061 2310; x_wconf 64' lang='lat' dir='ltr'>licettj.</span> <span class='ocrx_word' id='word_1_181' title='bbox 1107 2225 1183 2298; x_wconf 82' lang='lat' dir='ltr'>011ae</span> <span class='ocrx_word' id='word_1_182' title='bbox 1203 2241 1281 2286; x_wconf 86' lang='lat' dir='ltr'>vero</span> 
     </span>
     <span class='ocr_line' id='line_1_22' title="bbox 80 2321 1281 2403; baseline 0.002 -20"><span class='ocrx_word' id='word_1_183' title='bbox 80 2321 141 2383; x_wconf 91' lang='lat' dir='ltr'>sub</span> <span class='ocrx_word' id='word_1_184' title='bbox 163 2322 255 2384; x_wconf 91' lang='lat' dir='ltr'>modo</span> <span class='ocrx_word' id='word_1_185' title='bbox 277 2322 311 2383; x_wconf 88' lang='lat' dir='ltr'>fit</span> <span class='ocrx_word' id='word_1_186' title='bbox 333 2323 470 2400; x_wconf 91' lang='lat' dir='ltr'>donatio,</span> <span class='ocrx_word' id='word_1_187' title='bbox 492 2324 529 2386; x_wconf 93' lang='lat' dir='ltr'>ad</span> <span class='ocrx_word' id='word_1_188' title='bbox 553 2326 692 2387; x_wconf 90' lang='lat' dir='ltr'>incertos</span> <span class='ocrx_word' id='word_1_189' title='bbox 715 2331 894 2389; x_wconf 90' lang='lat' dir='ltr'>contractus</span> <span class='ocrx_word' id='word_1_190' title='bbox 922 2326 1090 2389; x_wconf 81' lang='lat' dir='ltr'>referenda</span> <span class='ocrx_word' id='word_1_191' title='bbox 1114 2330 1179 2400; x_wconf 90' lang='lat' dir='ltr'>est,</span> <span class='ocrx_word' id='word_1_192' title='bbox 1210 2341 1281 2403; x_wconf 79' lang='lat' dir='ltr'>quc</span> 
     </span>
     <span class='ocr_line' id='line_1_23' title="bbox 80 2422 1281 2507; baseline 0.002 -24"><span class='ocrx_word' id='word_1_193' title='bbox 80 2422 186 2485; x_wconf 86' lang='lat' dir='ltr'>dando</span> <span class='ocrx_word' id='word_1_194' title='bbox 207 2426 374 2499; x_wconf 82' lang='lat' dir='ltr'>ineuntur3</span> <span class='ocrx_word' id='word_1_195' title='bbox 399 2425 532 2488; x_wconf 91' lang='lat' dir='ltr'>donator</span> <span class='ocrx_word' id='word_1_196' title='bbox 554 2427 646 2501; x_wconf 89' lang='lat' dir='ltr'>enirn,</span> <span class='ocrx_word' id='word_1_197' title='bbox 669 2426 760 2489; x_wconf 93' lang='lat' dir='ltr'>modo</span> <span class='ocrx_word' id='word_1_198' title='bbox 778 2444 840 2489; x_wconf 92' lang='lat' dir='ltr'>non</span> <span class='ocrx_word' id='word_1_199' title='bbox 860 2425 1040 2507; x_wconf 90' lang='lat' dir='ltr'>adimpleto,</span> <span class='ocrx_word' id='word_1_200' title='bbox 1062 2431 1281 2488; x_wconf 88' lang='lat' dir='ltr'>autrevocare</span> 
     </span>
     <span class='ocr_line' id='line_1_24' title="bbox 80 2523 1281 2614; baseline 0.001 -27"><span class='ocrx_word' id='word_1_201' title='bbox 80 2523 294 2600; x_wconf 82' lang='lat' dir='ltr'>donationem,</span> <span class='ocrx_word' id='word_1_202' title='bbox 318 2531 382 2601; x_wconf 86' lang='lat' dir='ltr'>aut,</span> <span class='ocrx_word' id='word_1_203' title='bbox 406 2531 441 2587; x_wconf 92' lang='lat' dir='ltr'>ut</span> <span class='ocrx_word' id='word_1_204' title='bbox 463 2525 517 2588; x_wconf 92' lang='lat' dir='ltr'>ille</span> <span class='ocrx_word' id='word_1_205' title='bbox 540 2524 717 2607; x_wconf 88' lang='lat' dir='ltr'>impleatur,</span> <span class='ocrx_word' id='word_1_206' title='bbox 740 2527 903 2607; x_wconf 89' lang='lat' dir='ltr'>postulare</span> <span class='ocrx_word' id='word_1_207' title='bbox 924 2529 1086 2614; x_wconf 66' lang='lat' dir='ltr'>poteret).</span> <span class='ocrx_word' id='word_1_208' title='bbox 1112 2525 1281 2588; x_wconf 90' lang='lat' dir='ltr'>Nihilomi-</span> 
     </span>
     <span class='ocr_line' id='line_1_25' title="bbox 80 2623 1280 2712; baseline 0.002 -26"><span class='ocrx_word' id='word_1_209' title='bbox 80 2641 142 2686; x_wconf 88' lang='lat' dir='ltr'>nus</span> <span class='ocrx_word' id='word_1_210' title='bbox 166 2623 234 2687; x_wconf 82' lang='lat' dir='ltr'>haec</span> <span class='ocrx_word' id='word_1_211' title='bbox 256 2624 382 2691; x_wconf 87' lang='lat' dir='ltr'>donatio</span> <span class='ocrx_word' id='word_1_212' title='bbox 404 2628 481 2690; x_wconf 90' lang='lat' dir='ltr'>actis</span> <span class='ocrx_word' id='word_1_213' title='bbox 506 2626 692 2692; x_wconf 92' lang='lat' dir='ltr'>insinuanda</span> <span class='ocrx_word' id='word_1_214' title='bbox 715 2634 765 2690; x_wconf 90' lang='lat' dir='ltr'>est</span> <span class='ocrx_word' id='word_1_215' title='bbox 785 2633 817 2691; x_wconf 92' lang='lat' dir='ltr'>et</span> <span class='ocrx_word' id='word_1_216' title='bbox 838 2629 877 2692; x_wconf 93' lang='lat' dir='ltr'>ob</span> <span class='ocrx_word' id='word_1_217' title='bbox 898 2632 1056 2712; x_wconf 83' lang='lat' dir='ltr'>ingratum</span> <span class='ocrx_word' id='word_1_218' title='bbox 1075 2628 1208 2689; x_wconf 89' lang='lat' dir='ltr'>animum</span> <span class='ocrx_word' id='word_1_219' title='bbox 1223 2643 1280 2688; x_wconf 88' lang='lat' dir='ltr'>re-</span> 
     </span>
     <span class='ocr_line' id='line_1_26' title="bbox 82 2726 369 2813; baseline 0.003 -28"><span class='ocrx_word' id='word_1_220' title='bbox 82 2726 195 2788; x_wconf 85' lang='lat' dir='ltr'>vocari</span> <span class='ocrx_word' id='word_1_221' title='bbox 213 2730 319 2807; x_wconf 91' lang='lat' dir='ltr'>potest</span> <span class='ocrx_word' id='word_1_222' title='bbox 329 2727 369 2813; x_wconf 75' lang='lat'>⁶).</span> 
     </span>
    </p>

    <p class='ocr_par' dir='ltr' id='par_1_6' title="bbox 79 2820 1281 3212">
     <span class='ocr_line' id='line_1_27' title="bbox 124 2820 1281 2914; baseline -0.005 -21"><span class='ocrx_word' id='word_1_223' title='bbox 124 2825 243 2909; x_wconf 66' lang='lat' dir='ltr'>§.ent</span> <span class='ocrx_word' id='word_1_224' title='bbox 287 2826 342 2891; x_wconf 83' lang='lat' dir='ltr'>Est</span> <span class='ocrx_word' id='word_1_225' title='bbox 364 2834 396 2890; x_wconf 91' lang='lat' dir='ltr'>et</span> <span class='ocrx_word' id='word_1_226' title='bbox 417 2831 578 2910; x_wconf 91' lang='lat' dir='ltr'>proprium</span> <span class='ocrx_word' id='word_1_227' title='bbox 603 2820 804 2895; x_wconf 82' lang='lat' dir='ltr'>donationum</span> <span class='ocrx_word' id='word_1_228' title='bbox 819 2847 933 2914; x_wconf 85' lang='lat' dir='ltr'>genus,</span> <span class='ocrx_word' id='word_1_229' title='bbox 959 2829 1185 2909; x_wconf 83' lang='lat' dir='ltr'>quodpropter</span> <span class='ocrx_word' id='word_1_230' title='bbox 1198 2844 1281 2906; x_wconf 80' lang='lat' dir='ltr'>nup-</span> 
     </span>
     <span class='ocr_line' id='line_1_28' title="bbox 80 2924 1279 3012; baseline 0.003 -28"><span class='ocrx_word' id='word_1_231' title='bbox 80 2924 144 2987; x_wconf 80' lang='lat' dir='ltr'>tins</span> <span class='ocrx_word' id='word_1_232' title='bbox 166 2931 298 2991; x_wconf 82' lang='lat' dir='ltr'>vocatur</span> <span class='ocrx_word' id='word_1_233' title='bbox 309 2926 353 3012; x_wconf 68' lang='grc' dir='ltr'>ἵ);</span> <span class='ocrx_word' id='word_1_234' title='bbox 375 2927 455 2990; x_wconf 91' lang='lat' dir='ltr'>illud</span> <span class='ocrx_word' id='word_1_235' title='bbox 470 2929 502 2992; x_wconf 94' lang='lat' dir='ltr'>in</span> <span class='ocrx_word' id='word_1_236' title='bbox 518 2932 619 2992; x_wconf 90' lang='lat' dir='ltr'>veteri</span> <span class='ocrx_word' id='word_1_237' title='bbox 630 2933 700 2994; x_wconf 91' lang='lat' dir='ltr'>iure</span> <span class='ocrx_word' id='word_1_238' title='bbox 714 2948 841 2994; x_wconf 87' lang='lat' dir='ltr'>romano</span> <span class='ocrx_word' id='word_1_239' title='bbox 860 2929 1055 3010; x_wconf 82' lang='lat' dir='ltr'>incognitum</span> <span class='ocrx_word' id='word_1_240' title='bbox 1067 2926 1279 3007; x_wconf 87' lang='lat' dir='ltr'>posteriorum</span> 
     </span>
     <span class='ocr_line' id='line_1_29' title="bbox 79 3025 1279 3118; baseline 0.004 -34"><span class='ocrx_word' id='word_1_241' title='bbox 79 3025 259 3106; x_wconf 88' lang='lat' dir='ltr'>principum</span> <span class='ocrx_word' id='word_1_242' title='bbox 282 3028 558 3092; x_wconf 88' lang='lat' dir='ltr'>constitutionibus</span> <span class='ocrx_word' id='word_1_243' title='bbox 583 3031 794 3094; x_wconf 89' lang='lat' dir='ltr'>introductum</span> <span class='ocrx_word' id='word_1_244' title='bbox 819 3031 916 3118; x_wconf 73' lang='lat' dir='ltr'>est8).</span> <span class='ocrx_word' id='word_1_245' title='bbox 961 3029 995 3091; x_wconf 96' lang='lat' dir='ltr'>ln</span> <span class='ocrx_word' id='word_1_246' title='bbox 1019 3045 1079 3091; x_wconf 88' lang='lat' dir='ltr'>usu</span> <span class='ocrx_word' id='word_1_247' title='bbox 1103 3028 1183 3089; x_wconf 87' lang='lat' dir='ltr'>enim</span> <span class='ocrx_word' id='word_1_248' title='bbox 1207 3043 1279 3089; x_wconf 87' lang='lat' dir='ltr'>esse</span> 
     </span>
     <span class='ocr_line' id='line_1_30' title="bbox 79 3126 1280 3212; baseline 0.001 -26"><span class='ocrx_word' id='word_1_249' title='bbox 79 3126 191 3204; x_wconf 78' lang='lat' dir='ltr'>coepit,</span> <span class='ocrx_word' id='word_1_250' title='bbox 211 3129 246 3188; x_wconf 93' lang='lat' dir='ltr'>ut</span> <span class='ocrx_word' id='word_1_251' title='bbox 268 3129 408 3204; x_wconf 83' lang='lat' dir='ltr'>utaritus,</span> <span class='ocrx_word' id='word_1_252' title='bbox 431 3130 484 3191; x_wconf 90' lang='lat' dir='ltr'>cui</span> <span class='ocrx_word' id='word_1_253' title='bbox 506 3128 588 3195; x_wconf 90' lang='lat' dir='ltr'>dotis</span> <span class='ocrx_word' id='word_1_254' title='bbox 610 3129 732 3193; x_wconf 91' lang='lat' dir='ltr'>lucrum</span> <span class='ocrx_word' id='word_1_255' title='bbox 754 3136 844 3212; x_wconf 86' lang='lat' dir='ltr'>pacto</span> <span class='ocrx_word' id='word_1_256' title='bbox 869 3130 920 3192; x_wconf 88' lang='lat' dir='ltr'>vel</span> <span class='ocrx_word' id='word_1_257' title='bbox 942 3127 1145 3209; x_wconf 90' lang='lat' dir='ltr'>stipulatione</span> <span class='ocrx_word' id='word_1_258' title='bbox 1167 3145 1184 3187; x_wconf 88' lang='lat' dir='ltr'>a</span> <span class='ocrx_word' id='word_1_259' title='bbox 1208 3143 1280 3188; x_wconf 89' lang='lat' dir='ltr'>mu-</span> 
     </span>
    </p>
   </div>
   <div class='ocr_carea' id='block_1_3' title="bbox 79 3339 1281 3546">
    <p class='ocr_par' dir='ltr' id='par_1_7' title="bbox 79 3339 1281 3546">
     <span class='ocr_line' id='line_1_31' title="bbox 117 3339 1280 3416; baseline -0.005 -19"><span class='ocrx_word' id='word_1_260' title='bbox 117 3341 148 3409; x_wconf 88' lang='lat'>1)</span> <span class='ocrx_word' id='word_1_261' title='bbox 170 3342 239 3397; x_wconf 82' lang='lat' dir='ltr'>Sunt</span> <span class='ocrx_word' id='word_1_262' title='bbox 255 3343 311 3397; x_wconf 74' lang='lat' dir='ltr'>heo</span> <span class='ocrx_word' id='word_1_263' title='bbox 328 3344 410 3414; x_wconf 83' lang='lat' dir='ltr'>ipaiua</span> <span class='ocrx_word' id='word_1_264' title='bbox 429 3349 513 3401; x_wconf 80' lang='lat' dir='ltr'>verba</span> <span class='ocrx_word' id='word_1_265' title='bbox 529 3350 598 3416; x_wconf 68' lang='lat' dir='ltr'>legis</span> <span class='ocrx_word' id='word_1_266' title='bbox 614 3351 661 3401; x_wconf 88' lang='lat' dir='ltr'>ult.</span> <span class='ocrx_word' id='word_1_267' title='bbox 681 3351 710 3403; x_wconf 82' lang='lat'>0.</span> <span class='ocrx_word' id='word_1_268' title='bbox 729 3350 756 3414; x_wconf 87' lang='lat'>8,</span> <span class='ocrx_word' id='word_1_269' title='bbox 774 3349 809 3404; x_wconf 89' lang='grc'>56</span> <span class='ocrx_word' id='word_1_270' title='bbox 832 3348 878 3416; x_wconf 90' lang='lat' dir='ltr'>(de</span> <span class='ocrx_word' id='word_1_271' title='bbox 905 3348 1059 3402; x_wconf 74' lang='lat' dir='ltr'>revocanda</span> <span class='ocrx_word' id='word_1_272' title='bbox 1086 3339 1200 3407; x_wconf 81' lang='lat' dir='ltr'>donat).</span> <span class='ocrx_word' id='word_1_273' title='bbox 1236 3341 1280 3391; x_wconf 78' lang='lat' dir='ltr'>Ex</span> 
     </span>
     <span class='ocr_line' id='line_1_32' title="bbox 79 3412 1281 3546; baseline -0.012 -71"><span class='ocrx_word' id='word_1_274' title='bbox 79 3416 151 3546; x_wconf 58' lang='grc' dir='ltr'>Ξοῐέ</span> <span class='ocrx_word' id='word_1_275' title='bbox 160 3415 319 3538; x_wconf 52' lang='grc' dir='ltr'>ιὶωῗιθῖὴὲ</span> <span class='ocrx_word' id='word_1_276' title='bbox 334 3415 462 3543; x_wconf 40' lang='lat' dir='ltr'>guugntlig</span> <span class='ocrx_word' id='word_1_277' title='bbox 476 3437 531 3543; x_wconf 60' lang='grc'><strong>11311</strong></span> <span class='ocrx_word' id='word_1_278' title='bbox 540 3427 708 3544; x_wconf 53' lang='lat' dir='ltr'>eroegocantur</span> <span class='ocrx_word' id='word_1_279' title='bbox 728 3423 895 3475; x_wconf 83' lang='lat' dir='ltr'>donationes.</span> <span class='ocrx_word' id='word_1_280' title='bbox 922 3438 944 3473; x_wconf 89' lang='lat' dir='ltr'>c.</span> <span class='ocrx_word' id='word_1_281' title='bbox 963 3418 988 3473; x_wconf 87' lang='lat'>3.</span> <span class='ocrx_word' id='word_1_282' title='bbox 1015 3419 1044 3471; x_wconf 80' lang='lat' dir='ltr'>(l.</span> <span class='ocrx_word' id='word_1_283' title='bbox 1065 3417 1127 3468; x_wconf 91' lang='lat' dir='ltr'>eod.</span> <span class='ocrx_word' id='word_1_284' title='bbox 1151 3431 1177 3466; x_wconf 80' lang='lat' dir='ltr'>n.</span> <span class='ocrx_word' id='word_1_285' title='bbox 1200 3412 1281 3463; x_wconf 82' lang='lat' dir='ltr'>etium</span> 
     </span>
    </p>
   </div>
   <div class='ocr_carea' id='block_1_4' title="bbox 78 3555 1280 4413">
    <p class='ocr_par' dir='ltr' id='par_1_8' title="bbox 117 3555 1066 3630">
     <span class='ocr_line' id='line_1_33' title="bbox 117 3555 1066 3630; baseline 0.001 -20"><span class='ocrx_word' id='word_1_286' title='bbox 117 3555 147 3622; x_wconf 80' lang='lat'>2)</span> <span class='ocrx_word' id='word_1_287' title='bbox 167 3557 197 3609; x_wconf 82' lang='lat' dir='ltr'>O.</span> <span class='ocrx_word' id='word_1_288' title='bbox 215 3556 240 3610; x_wconf 89' lang='lat'>8.</span> <span class='ocrx_word' id='word_1_289' title='bbox 262 3558 291 3610; x_wconf 82' lang='lat' dir='ltr'>G.</span> <span class='ocrx_word' id='word_1_290' title='bbox 311 3558 338 3608; x_wconf 90' lang='lat' dir='ltr'>h.</span> <span class='ocrx_word' id='word_1_291' title='bbox 357 3564 374 3610; x_wconf 90' lang='lat' dir='ltr'>t.</span> <span class='ocrx_word' id='word_1_292' title='bbox 410 3563 499 3630; x_wconf 78' lang='lat' dir='ltr'>Vulgo</span> <span class='ocrx_word' id='word_1_293' title='bbox 518 3563 554 3612; x_wconf 84' lang='lat' dir='ltr'>ad</span> <span class='ocrx_word' id='word_1_294' title='bbox 574 3578 666 3615; x_wconf 78' lang='lat' dir='ltr'>omnes</span> <span class='ocrx_word' id='word_1_295' title='bbox 684 3563 843 3616; x_wconf 74' lang='lat' dir='ltr'>donationes</span> <span class='ocrx_word' id='word_1_296' title='bbox 861 3561 1066 3616; x_wconf 79' lang='lat' dir='ltr'>extendebatur.</span> 
     </span>
    </p>

    <p class='ocr_par' dir='ltr' id='par_1_9' title="bbox 116 3626 773 3694">
     <span class='ocr_line' id='line_1_34' title="bbox 116 3626 773 3694; baseline 0.005 -13"><span class='ocrx_word' id='word_1_297' title='bbox 116 3626 147 3694; x_wconf 86' lang='lat'>3)</span> <span class='ocrx_word' id='word_1_298' title='bbox 166 3629 210 3679; x_wconf 87' lang='lat' dir='ltr'>Fr.</span> <span class='ocrx_word' id='word_1_299' title='bbox 230 3627 253 3679; x_wconf 90' lang='lat'>1.</span> <span class='ocrx_word' id='word_1_300' title='bbox 272 3628 298 3680; x_wconf 85' lang='lat'>7.</span> <span class='ocrx_word' id='word_1_301' title='bbox 318 3627 361 3681; x_wconf 90' lang='grc'><strong>10.</strong></span> <span class='ocrx_word' id='word_1_302' title='bbox 381 3633 409 3683; x_wconf 83' lang='grc'>111</span> <span class='ocrx_word' id='word_1_303' title='bbox 426 3637 447 3684; x_wconf 81' lang='lat' dir='ltr'>l.</span> <span class='ocrx_word' id='word_1_304' title='bbox 464 3650 487 3686; x_wconf 90' lang='lat' dir='ltr'>o.</span> <span class='ocrx_word' id='word_1_305' title='bbox 506 3635 553 3685; x_wconf 90' lang='lat' dir='ltr'>ult.</span> <span class='ocrx_word' id='word_1_306' title='bbox 571 3636 599 3686; x_wconf 90' lang='lat' dir='ltr'>iu</span> <span class='ocrx_word' id='word_1_307' title='bbox 616 3638 635 3686; x_wconf 83' lang='lat' dir='ltr'>f.</span> <span class='ocrx_word' id='word_1_308' title='bbox 655 3634 683 3686; x_wconf 79' lang='lat' dir='ltr'>(l.</span> <span class='ocrx_word' id='word_1_309' title='bbox 706 3635 733 3685; x_wconf 89' lang='lat' dir='ltr'>h.</span> <span class='ocrx_word' id='word_1_310' title='bbox 754 3639 773 3685; x_wconf 88' lang='lat' dir='ltr'>t.</span> 
     </span>
    </p>

    <p class='ocr_par' dir='ltr' id='par_1_10' title="bbox 78 3695 1278 3837">
     <span class='ocr_line' id='line_1_35' title="bbox 115 3695 1278 3773; baseline -0.001 -22"><span class='ocrx_word' id='word_1_311' title='bbox 115 3698 148 3764; x_wconf 77' lang='grc'>4)</span> <span class='ocrx_word' id='word_1_312' title='bbox 165 3700 208 3750; x_wconf 82' lang='lat' dir='ltr'>Pr.</span> <span class='ocrx_word' id='word_1_313' title='bbox 227 3696 269 3752; x_wconf 80' lang='lat'>27.</span> <span class='ocrx_word' id='word_1_314' title='bbox 288 3697 331 3752; x_wconf 78' lang='lat'>34.</span> <span class='ocrx_word' id='word_1_315' title='bbox 350 3700 373 3760; x_wconf 68' lang='grc'><strong>5.</strong></span> <span class='ocrx_word' id='word_1_316' title='bbox 393 3703 417 3754; x_wconf 93' lang='grc'>1.</span> <span class='ocrx_word' id='word_1_317' title='bbox 440 3702 469 3756; x_wconf 82' lang='lat'>⁰.</span> <span class='ocrx_word' id='word_1_318' title='bbox 488 3706 514 3755; x_wconf 93' lang='lat' dir='ltr'>h.</span> <span class='ocrx_word' id='word_1_319' title='bbox 533 3710 551 3756; x_wconf 88' lang='lat' dir='ltr'>t.</span> <span class='ocrx_word' id='word_1_320' title='bbox 572 3709 604 3757; x_wconf 76' lang='lat' dir='ltr'>tr.</span> <span class='ocrx_word' id='word_1_321' title='bbox 626 3704 651 3757; x_wconf 91' lang='grc'><strong>6.</strong></span> <span class='ocrx_word' id='word_1_322' title='bbox 672 3723 710 3773; x_wconf 90' lang='lat' dir='ltr'>pr.</span> <span class='ocrx_word' id='word_1_323' title='bbox 729 3707 760 3757; x_wconf 80' lang='lat' dir='ltr'>fr.</span> <span class='ocrx_word' id='word_1_324' title='bbox 779 3701 804 3756; x_wconf 88' lang='grc'>7.</span> <span class='ocrx_word' id='word_1_325' title='bbox 827 3703 858 3756; x_wconf 90' lang='lat' dir='ltr'>D.</span> <span class='ocrx_word' id='word_1_326' title='bbox 882 3702 959 3770; x_wconf 86' lang='lat'>17,1</span> <span class='ocrx_word' id='word_1_327' title='bbox 979 3695 1188 3772; x_wconf 78' lang='lat' dir='ltr'>(demandati).</span> <span class='ocrx_word' id='word_1_328' title='bbox 1225 3695 1278 3748; x_wconf 81' lang='lat' dir='ltr'>Ofr·</span> 
     </span>
     <span class='ocr_line' id='line_1_36' title="bbox 78 3769 440 3837; baseline 0.006 -13"><span class='ocrx_word' id='word_1_329' title='bbox 78 3788 106 3824; x_wconf 80' lang='lat' dir='ltr'>v.</span> <span class='ocrx_word' id='word_1_330' title='bbox 128 3769 277 3837; x_wconf 72' lang='lat' dir='ltr'>Vonpcrou</span> <span class='ocrx_word' id='word_1_331' title='bbox 297 3771 360 3832; x_wconf 73' lang='grc'>16.</span> <span class='ocrx_word' id='word_1_332' title='bbox 380 3773 440 3828; x_wconf 82' lang='lat'>125.</span> 
     </span>
    </p>

    <p class='ocr_par' dir='ltr' id='par_1_11' title="bbox 80 3835 1279 3984">
     <span class='ocr_line' id='line_1_37' title="bbox 115 3835 1279 3917; baseline -0.001 -23"><span class='ocrx_word' id='word_1_333' title='bbox 115 3841 137 3894; x_wconf 83' lang='grc'><strong>5</strong></span> <span class='ocrx_word' id='word_1_334' title='bbox 165 3842 232 3894; x_wconf 72' lang='lat' dir='ltr'>eod.</span> <span class='ocrx_word' id='word_1_335' title='bbox 252 3838 277 3904; x_wconf 88' lang='lat'>8,</span> <span class='ocrx_word' id='word_1_336' title='bbox 297 3840 332 3894; x_wconf 86' lang='grc'>55</span> <span class='ocrx_word' id='word_1_337' title='bbox 351 3842 398 3911; x_wconf 85' lang='lat' dir='ltr'>(da</span> <span class='ocrx_word' id='word_1_338' title='bbox 418 3847 508 3899; x_wconf 77' lang='lat' dir='ltr'>donat.</span> <span class='ocrx_word' id='word_1_339' title='bbox 528 3863 584 3917; x_wconf 80' lang='lat' dir='ltr'>quae</span> <span class='ocrx_word' id='word_1_340' title='bbox 602 3848 653 3900; x_wconf 87' lang='lat' dir='ltr'>eub</span> <span class='ocrx_word' id='word_1_341' title='bbox 671 3847 752 3898; x_wconf 86' lang='lat' dir='ltr'>modo</span> <span class='ocrx_word' id='word_1_342' title='bbox 769 3842 818 3912; x_wconf 84' lang='lat' dir='ltr'>fit).</span> <span class='ocrx_word' id='word_1_343' title='bbox 838 3862 860 3898; x_wconf 88' lang='lat' dir='ltr'>c.</span> <span class='ocrx_word' id='word_1_344' title='bbox 882 3844 906 3897; x_wconf 89' lang='lat'>1.</span> <span class='ocrx_word' id='word_1_345' title='bbox 925 3845 954 3901; x_wconf 82' lang='lat' dir='ltr'>O.</span> <span class='ocrx_word' id='word_1_346' title='bbox 974 3846 1029 3897; x_wconf 87' lang='lat' dir='ltr'>hui.</span> <span class='ocrx_word' id='word_1_347' title='bbox 1046 3847 1084 3897; x_wconf 80' lang='lat' dir='ltr'>ut</span> <span class='ocrx_word' id='word_1_348' title='bbox 1104 3849 1130 3896; x_wconf 88' lang='lat' dir='ltr'>et</span> <span class='ocrx_word' id='word_1_349' title='bbox 1149 3858 1172 3893; x_wconf 91' lang='lat' dir='ltr'>c.</span> <span class='ocrx_word' id='word_1_350' title='bbox 1187 3839 1212 3892; x_wconf 89' lang='grc'>9.</span> <span class='ocrx_word' id='word_1_351' title='bbox 1237 3835 1279 3890; x_wconf 69' lang='lat'>22·</span> 
     </span>
     <span class='ocr_line' id='line_1_38' title="bbox 80 3910 458 3984; baseline 0.016 -20"><span class='ocrx_word' id='word_1_352' title='bbox 80 3912 111 3964; x_wconf 81' lang='lat' dir='ltr'>G.</span> <span class='ocrx_word' id='word_1_353' title='bbox 151 3949 160 3976; x_wconf 90' lang='lat'>,</span> <span class='ocrx_word' id='word_1_354' title='bbox 182 3910 217 3964; x_wconf 81' lang='lat'>54</span> <span class='ocrx_word' id='word_1_355' title='bbox 235 3910 283 3978; x_wconf 87' lang='lat' dir='ltr'>(de</span> <span class='ocrx_word' id='word_1_356' title='bbox 301 3914 458 3984; x_wconf 67' lang='lat' dir='ltr'>domem).</span> 
     </span>
    </p>

    <p class='ocr_par' dir='ltr' id='par_1_12' title="bbox 116 3980 1121 4058">
     <span class='ocr_line' id='line_1_39' title="bbox 116 3980 1121 4058; baseline -0.002 -22"><span class='ocrx_word' id='word_1_357' title='bbox 116 3980 147 4048; x_wconf 88' lang='grc'>6)</span> <span class='ocrx_word' id='word_1_358' title='bbox 165 3985 229 4050; x_wconf 77' lang='lat' dir='ltr'>Arg.</span> <span class='ocrx_word' id='word_1_359' title='bbox 249 4001 272 4035; x_wconf 89' lang='lat' dir='ltr'>o.</span> <span class='ocrx_word' id='word_1_360' title='bbox 291 3984 333 4037; x_wconf 78' lang='grc'>25.</span> <span class='ocrx_word' id='word_1_361' title='bbox 353 3989 382 4040; x_wconf 82' lang='lat'>0.</span> <span class='ocrx_word' id='word_1_362' title='bbox 401 3987 428 4053; x_wconf 90' lang='lat'>8,</span> <span class='ocrx_word' id='word_1_363' title='bbox 444 3988 487 4043; x_wconf 84' lang='lat'>54.</span> <span class='ocrx_word' id='word_1_364' title='bbox 506 3990 534 4042; x_wconf 79' lang='grc'>(1.</span> <span class='ocrx_word' id='word_1_365' title='bbox 557 3991 582 4042; x_wconf 83' lang='grc'>9.</span> <span class='ocrx_word' id='word_1_366' title='bbox 601 3990 630 4041; x_wconf 81' lang='lat'>0.</span> <span class='ocrx_word' id='word_1_367' title='bbox 651 3987 677 4052; x_wconf 88' lang='lat'>6,</span> <span class='ocrx_word' id='word_1_368' title='bbox 693 3986 729 4042; x_wconf 87' lang='grc'>45</span> <span class='ocrx_word' id='word_1_369' title='bbox 748 3984 794 4055; x_wconf 91' lang='lat' dir='ltr'>(de</span> <span class='ocrx_word' id='word_1_370' title='bbox 812 3989 854 4042; x_wconf 86' lang='lat' dir='ltr'>his</span> <span class='ocrx_word' id='word_1_371' title='bbox 876 4004 933 4058; x_wconf 87' lang='lat' dir='ltr'>quae</span> <span class='ocrx_word' id='word_1_372' title='bbox 950 3990 1001 4041; x_wconf 85' lang='lat' dir='ltr'>aub</span> <span class='ocrx_word' id='word_1_373' title='bbox 1020 3983 1121 4046; x_wconf 82' lang='lat' dir='ltr'>model.</span> 
     </span>
    </p>

    <p class='ocr_par' dir='ltr' id='par_1_13' title="bbox 78 4049 1280 4413">
     <span class='ocr_line' id='line_1_40' title="bbox 118 4049 1280 4129; baseline -0.004 -26"><span class='ocrx_word' id='word_1_374' title='bbox 118 4053 148 4120; x_wconf 87' lang='grc'>7)</span> <span class='ocrx_word' id='word_1_375' title='bbox 168 4056 234 4107; x_wconf 81' lang='lat' dir='ltr'>Ood.</span> <span class='ocrx_word' id='word_1_376' title='bbox 254 4053 280 4118; x_wconf 87' lang='lat'>5,</span> <span class='ocrx_word' id='word_1_377' title='bbox 297 4053 314 4106; x_wconf 90' lang='lat'><strong>3</strong></span> <span class='ocrx_word' id='word_1_378' title='bbox 333 4057 380 4125; x_wconf 85' lang='lat' dir='ltr'>(de</span> <span class='ocrx_word' id='word_1_379' title='bbox 401 4060 490 4113; x_wconf 85' lang='lat' dir='ltr'>donat.</span> <span class='ocrx_word' id='word_1_380' title='bbox 508 4066 570 4114; x_wconf 83' lang='lat' dir='ltr'>ante</span> <span class='ocrx_word' id='word_1_381' title='bbox 588 4066 661 4128; x_wconf 88' lang='lat' dir='ltr'>nupt.</span> <span class='ocrx_word' id='word_1_382' title='bbox 680 4064 787 4127; x_wconf 87' lang='lat' dir='ltr'>propter</span> <span class='ocrx_word' id='word_1_383' title='bbox 803 4060 898 4129; x_wconf 75' lang='lat' dir='ltr'>nupt).</span> <span class='ocrx_word' id='word_1_384' title='bbox 936 4059 1077 4128; x_wconf 83' lang='lat' dir='ltr'>Sequimur</span> <span class='ocrx_word' id='word_1_385' title='bbox 1094 4058 1213 4107; x_wconf 83' lang='lat' dir='ltr'>nostram</span> <span class='ocrx_word' id='word_1_386' title='bbox 1232 4049 1280 4100; x_wconf 86' lang='lat' dir='ltr'>bu·</span> 
     </span>
     <span class='ocr_line' id='line_1_41' title="bbox 79 4121 1279 4202; baseline -0.003 -23"><span class='ocrx_word' id='word_1_387' title='bbox 79 4128 124 4180; x_wconf 79' lang='lat' dir='ltr'>ius</span> <span class='ocrx_word' id='word_1_388' title='bbox 141 4128 195 4180; x_wconf 85' lang='lat' dir='ltr'>loci</span> <span class='ocrx_word' id='word_1_389' title='bbox 214 4125 454 4194; x_wconf 80' lang='lat' dir='ltr'>expodttonam&#39;in</span> <span class='ocrx_word' id='word_1_390' title='bbox 472 4131 569 4186; x_wconf 79' lang='lat' dir='ltr'>Arabio</span> <span class='ocrx_word' id='word_1_391' title='bbox 582 4134 635 4202; x_wconf 64' lang='lat' dir='ltr'>fair</span> <span class='ocrx_word' id='word_1_392' title='bbox 657 4135 771 4184; x_wconf 68' lang='lat' dir='ltr'>civitio.</span> <span class='ocrx_word' id='word_1_393' title='bbox 794 4135 898 4184; x_wconf 80' lang='lat' dir='ltr'>Prnxa’a</span> <span class='ocrx_word' id='word_1_394' title='bbox 916 4137 934 4182; x_wconf 92' lang='lat' dir='ltr'>t.</span> <span class='ocrx_word' id='word_1_395' title='bbox 955 4129 997 4182; x_wconf 83' lang='lat'>13.</span> <span class='ocrx_word' id='word_1_396' title='bbox 1016 4146 1041 4196; x_wconf 89' lang='lat' dir='ltr'>p.</span> <span class='ocrx_word' id='word_1_397' title='bbox 1062 4121 1184 4181; x_wconf 78' lang='grc'><strong>1.-198.</strong></span> <span class='ocrx_word' id='word_1_398' title='bbox 1205 4127 1231 4171; x_wconf 78' lang='lat' dir='ltr'>ut</span> <span class='ocrx_word' id='word_1_399' title='bbox 1251 4122 1279 4170; x_wconf 79' lang='lat' dir='ltr'>in</span> 
     </span>
     <span class='ocr_line' id='line_1_42' title="bbox 80 4190 1278 4327; baseline -0.004 -74"><span class='ocrx_word' id='word_1_400' title='bbox 80 4196 312 4322; x_wconf 39' lang='grc' dir='ltr'><strong>0111413111111114ἑὸ3.</strong></span> <span class='ocrx_word' id='word_1_401' title='bbox 338 4223 363 4272; x_wconf 85' lang='lat' dir='ltr'>p.</span> <span class='ocrx_word' id='word_1_402' title='bbox 382 4201 425 4255; x_wconf 90' lang='grc'>76.</span> <span class='ocrx_word' id='word_1_403' title='bbox 445 4205 704 4327; x_wconf 67' lang='lat' dir='ltr'>aeq.51mpugnarit</span> <span class='ocrx_word' id='word_1_404' title='bbox 727 4204 934 4266; x_wconf 66' lang='lat' dir='ltr'>emebantur,</span> <span class='ocrx_word' id='word_1_405' title='bbox 952 4203 982 4253; x_wconf 91' lang='lat' dir='ltr'>in</span> <span class='ocrx_word' id='word_1_406' title='bbox 999 4201 1061 4252; x_wconf 92' lang='lat' dir='ltr'>eod.</span> <span class='ocrx_word' id='word_1_407' title='bbox 1079 4197 1179 4249; x_wconf 79' lang='lat' dir='ltr'>Arclta&#39;c</span> <span class='ocrx_word' id='word_1_408' title='bbox 1198 4199 1217 4243; x_wconf 83' lang='lat' dir='ltr'>t·</span> <span class='ocrx_word' id='word_1_409' title='bbox 1235 4190 1278 4243; x_wconf 79' lang='lat'>15·</span> 
     </span>
     <span class='ocr_line' id='line_1_43' title="bbox 78 4289 947 4413; baseline 0.001 -21"><span class='ocrx_word' id='word_1_410' title='bbox 78 4289 97 4340; x_wconf 69' lang='lat' dir='ltr'>p</span> <span class='ocrx_word' id='word_1_411' title='bbox 117 4339 146 4406; x_wconf 92' lang='grc'>8)</span> <span class='ocrx_word' id='word_1_412' title='bbox 170 4342 223 4395; x_wconf 77' lang='lat' dir='ltr'>Otr.</span> <span class='ocrx_word' id='word_1_413' title='bbox 244 4357 266 4394; x_wconf 86' lang='lat' dir='ltr'>o.</span> <span class='ocrx_word' id='word_1_414' title='bbox 286 4293 439 4399; x_wconf 71' lang='grc' dir='ltr'><strong>1.-16.Ρο.</strong></span> <span class='ocrx_word' id='word_1_415' title='bbox 457 4347 484 4398; x_wconf 89' lang='lat' dir='ltr'>h.</span> <span class='ocrx_word' id='word_1_416' title='bbox 503 4351 522 4398; x_wconf 89' lang='lat' dir='ltr'>t.</span> <span class='ocrx_word' id='word_1_417' title='bbox 540 4343 578 4412; x_wconf 85' lang='lat'>(5,</span> <span class='ocrx_word' id='word_1_418' title='bbox 595 4341 633 4413; x_wconf 86' lang='lat'>3).</span> <span class='ocrx_word' id='word_1_419' title='bbox 653 4345 720 4398; x_wconf 84' lang='lat' dir='ltr'>God.</span> <span class='ocrx_word' id='word_1_420' title='bbox 738 4345 859 4412; x_wconf 77' lang='lat' dir='ltr'>Theoph.</span> <span class='ocrx_word' id='word_1_421' title='bbox 876 4341 902 4406; x_wconf 83' lang='grc'>9,</span> <span class='ocrx_word' id='word_1_422' title='bbox 922 4338 947 4394; x_wconf 91' lang='grc'>5.</span> 
     </span>
    </p>
   </div>
   <div class='ocr_carea' id='block_1_5' title="bbox 0 0 1411 4966">
    <p class='ocr_par' dir='ltr' id='par_1_14' title="bbox 0 0 1411 4966">
     <span class='ocr_line' id='line_1_44' title="bbox 0 0 1411 4966; baseline 0 0"><span class='ocrx_word' id='word_1_423' title='bbox 0 0 1411 4966; x_wconf 95' lang='lat' dir='ltr'> </span> 
     </span>
    </p>
   </div>
  </div>
 </body>
</html>
