2804 4966
566 324 644 362 cussa
664 325 706 364 nr.
724 325 783 364 cnr.
799 326 827 367 n.
1250 320 1304 375 239

101 454 191 537 quod
215 454 256 516 de
279 452 562 515 intercessionibus
591 452 775 516 seminarum
804 454 918 516 lactum
948 460 1007 517 est.
1059 456 1104 518 Ec
1135 459 1218 521 enim
1243 461 1304 524 Se-

97 554 381 641 nctusconsult01)
403 560 545 630 cavetur,
567 573 607 616 ne
631 555 697 617 ullo
718 556 809 618 modo
832 555 955 618 seminae
976 556 1202 622 intercedendo
1224 579 1304 641 pos-

97 659 165 722 sint
194 655 350 739 obligari,
372 655 429 717 sed
450 660 484 715 ut
508 661 671 718 conventre
693 675 732 717 ex
756 658 1004 732 intercessione,
1033 657 1304 726 Senatusconsulti

100 776 162 840 ope
185 773 259 819 sose
281 755 438 832 liberare,
472 762 504 818 et
525 756 607 836 quod
631 775 740 819 errore
760 759 932 839 solverint,
958 764 1103 839 repetere
1127 764 1251 840 possint
1263 763 1302 849 ²).

100 858 296 922 lastinianus
314 863 440 938 putans,
462 859 521 920 boc
535 856 688 920 beneficio
712 857 842 921 seminas
864 878 926 922 non
949 861 1025 922 sctis
1047 863 1172 936 muniri,
1195 866 1303 926 sanci-

100 963 167 1022 vit:
191 959 507 1023 Senatusconsultum
530 960 655 1041 quidem
670 962 792 1022 servari
817 962 848 1021 in
861 961 976 1024 robore
998 979 1067 1037 suo,
1091 964 1118 1024 si
1144 963 1303 1027 interces-

99 1064 182 1124 serit
202 1060 327 1138 mulier,
351 1063 559 1123 instrumento
581 1061 708 1140 publice
730 1061 875 1124 conlecto
898 1068 930 1123 et
951 1063 1050 1124 tribus
1067 1063 1200 1125 testibus
1223 1065 1303 1125 sub-

100 1164 249 1246 signcto,
284 1162 311 1223 si
341 1178 419 1223 vero
440 1161 502 1240 boc
522 1178 585 1223 non
607 1162 809 1223 observatum
834 1163 893 1238 sit,
925 1180 1089 1242 perperam
1113 1154 1302 1227 contractam

101 1281 176 1326 esse
198 1261 446 1345 obligationem,
481 1279 551 1342 quae
584 1261 673 1324 nullo
704 1264 773 1323 iure
804 1262 994 1325 subsisteret
1010 1264 1050 1352 ³).
1103 1265 1135 1326 ln
1160 1267 1303 1328 omnibus

99 1363 207 1433 causis
230 1363 417 1443 improbavit
439 1380 570 1424 uxorum
594 1363 839 1424 intercessiones
862 1381 918 1442 pro
932 1365 1059 1425 maritis·
1073 1367 1140 1427 suis
1154 1364 1249 1429 factas
1262 1367 1302 1454 4).

101 1462 282 1530 Secundum
305 1464 371 1525 baec
393 1464 494 1526 omnia
515 1462 666 1525 mulieres
692 1463 891 1525 intercedere
910 1463 1129 1544 probibentur.

145 1564 261 1648 8827.
306 1563 548 1627 intercessionis
573 1564 761 1626 vocabulum
792 1564 831 1625 de
855 1565 999 1627 omnibus
1023 1569 1148 1630 omnino
1180 1571 1304 1633 casibus

102 1667 209 1743 valet,
235 1667 405 1746 inquibus
429 1666 499 1746 quis
522 1666 653 1728 alienam
677 1665 903 1748 obligationem
926 1666 978 1729 vel
1000 1673 1140 1731 veterem
1168 1672 1220 1732 νε]
1243 1692 1304 1736 no-

98 1770 224 1832 camin
255 1785 290 1829 se
314 1767 446 1846 suscipit
455 1785 464 1840 ;
492 1765 575 1847 quod
613 1765 646 1826 lit
675 1784 737 1828 non
762 1767 863 1829 solum
887 1766 1099 1861 lideiubendo,
1125 1769 1303 1855 delegando

100 1887 162 1933 seu
185 1865 448 1949 expromittendo‚
471 1872 562 1947 pacto
578 1866 617 1928 de
641 1868 808 1928 constituta
824 1869 956 1947 pecunia
978 1869 1091 1947 aliena,
1113 1876 1166 1933 aut
1186 1875 1304 1955 pigno-

99 1973 145 2033 ris
169 1970 394 2032 constitutione
416 1984 474 2047 pro
496 1966 603 2028 debito
627 1965 754 2043 alieno,
790 1967 980 2045 sedetiam,
1004 1969 1031 2029 si
1055 1971 1126 2049 quis
1149 1971 1186 2032 ab
1214 1973 1303 2036 initio

101 2071 238 2135 alterius
261 2070 362 2153 gratia
386 2068 523 2130 debitum
544 2068 575 2128 in
599 2084 635 2128 se
659 2069 792 2148 suscipit
805 2067 843 2154 ⁵).
888 2067 998 2148 Neque
1030 2088 1107 2133 vero
1135 2073 1303 2135 intercedit

99 2175 141 2251 is,
165 2173 219 2253 qui
242 2190 300 2253 pro
323 2170 384 2233 alio
416 2187 488 2232 sese
517 2168 655 2250 obligat,
686 2168 743 2230 sed
764 2168 877 2250 solvit,
912 2169 996 2249 quod
1021 2171 1102 2234 alius
1125 2171 1230 2248 debet,
1250 2173 1302 2236 vel

102 2275 160 2355 qui
181 2271 318 2336 donandi
340 2273 442 2335 animo
466 2289 523 2352 pro
544 2270 607 2333 alio
629 2289 701 2333 sese
725 2272 914 2354 adstringit,
938 2271 990 2334 vel
1015 2271 1188 2335 debitorem
1211 2292 1303 2338 suum

100 2375 229 2450 liberat,
251 2371 303 2436 vel
324 2375 445 2456 pignus
469 2377 521 2435 aut
544 2372 751 2452 hypothecam
777 2373 924 2450 remittit,
948 2378 1001 2434 aut
1023 2391 1089 2434 rem
1112 2392 1197 2436 suam
1220 2374 1303 2438 alie-

99 2479 168 2552 nat,
190 2480 225 2536 ut
243 2477 313 2555 ipse
335 2473 426 2536 alteri
448 2472 604 2561 medati).
865 2555 871 2568 ι

144 2581 176 2659 ξ.
188 2574 261 2640 828.
305 2574 415 2655 Neque
439 2581 540 2637 tamen
563 2573 686 2636 leminae
711 2573 865 2636 beneficio
889 2575 1163 2640 Senatusconsulti
1188 2578 1302 2642 fruun-

100 2683 166 2754 tur,
190 2678 219 2740 si
241 2675 354 2740 callide
376 2677 616 2738 intercesserint
638 2675 816 2755 decipiendi
833 2676 945 2751 animo,
968 2675 1019 2737 vel
1044 2678 1070 2738 si
1093 2695 1198 2738 earum
1222 2700 1302 2745 con.

100 2776 182 2839 ditio
203 2776 432 2837 intercessione
454 2774 595 2836 deterior
618 2773 699 2835 sacta
719 2792 781 2835 non
805 2775 858 2850 sit,
880 2774 979 2835 veluti
992 2777 1018 2837 si
1043 2777 1180 2841 debitum
1196 2783 1228 2842 in
1248 2801 1300 2845 res

101 2894 212 2940 earum
234 2892 361 2938 versum
383 2875 490 2951 suerit,
513 2874 564 2936 νε]
589 2876 616 2936 si
640 2875 758 2955 aliquid
784 2876 965 2955 acceperint
979 2875 1171 2942 fideiubendi
1196 2900 1300 2962 causa,

98 2977 156 3040 νε]
172 2977 200 3039 si
223 2976 403 3057 receperint
425 2994 442 3038 a
465 2976 607 3039 debitore
631 2976 681 3051 id,
705 2975 743 3037 ad
766 2975 850 3055 quod
873 2991 945 3038 sese
968 2976 1203 3061 obligaverunt,
1226 2988 1300 3047 item

100 3079 129 3141 si
155 3076 262 3157 aliquo
285 3077 354 3138 iure
385 3081 521 3158 cogente
542 3094 600 3156 pro
630 3075 738 3138 cadem
769 3075 963 3160 obligatione
992 3081 1067 3160 ipsae
1097 3082 1301 3160 tenebantur3

100 3177 131 3239 si
158 3176 241 3256 apud
263 3176 412 3238 minorem
435 3194 493 3258 pro
516 3195 572 3252 eo,
604 3178 658 3256 qui
684 3176 838 3240 solvendo
861 3195 923 3240 non
950 3187 1028 3257 erat,
1050 3183 1299 3263 intercesserint,

99 3282 133 3339 et
158 3275 228 3338 aliis
251 3277 436 3357 quibusdam
457 3277 488 3337 in
511 3277 616 3339 causis
633 3276 668 3357 ⁷).

145 3375 261 3459 §.ste
306 3376 436 3449 Quoties
459 3376 610 3458 obligatio
642 3395 659 3438 a
691 3376 823 3437 muliere
853 3382 997 3457 suscepto
1028 3377 1078 3438 vel
1110 3379 1197 3443 nullo
1231 3383 1301 3446 iure

98 3477 266 3553 subsistit,
296 3475 348 3537 vel
371 3476 526 3538 beneticio
555 3475 826 3538 Senatusconsulti
854 3475 1036 3537 destituitur
1046 3494 1055 3549 ;
1090 3478 1299 3544 creditoribus

98 3582 196 3640 vetus
215 3577 308 3652 actio,
333 3593 424 3657 quam
448 3583 578 3657 propter
600 3577 860 3638 intercessionem
888 3577 1075 3653 amiserant,
1103 3580 1299 3656 restituitur;

97 3698 184 3744 nova
206 3695 284 3742 vero
305 3678 387 3740 actio
410 3676 511 3754 datur,
537 3678 565 3739 si
580 3677 638 3740 iam
661 3677 699 3739 ab
721 3678 809 3739 initio
830 3676 964 3738 alienam
988 3676 1213 3760 obligationem
1229 3698 1300 3743 mu-

96 3858 298 3874 *-

136 4003 165 4069 1)
185 4006 218 4054 D.
238 4000 315 4066 16,1
338 3998 387 4068 (od
406 3999 505 4053 SOtum
522 3996 637 4064 Vellei..)
659 3999 687 4051 O
705 3996 733 4062 4,
751 3997 785 4053 23
808 3996 880 4065 (eod.
898 3995 958 4064 tit..)

136 4072 273 4142 2)Fr.2.
311 4072 412 4125 .11).
451 4077 493 4123 ..

136 4143 318 4214 fflQQb

135 4218 166 4286 4)
186 4219 254 4272 Nou
276 4215 336 4268 113.

135 4285 319 4360 mm34

97 4366 172 4423 Vide
190 4361 260 4414 iufra
282 4359 321 4418 §5

134 4437 165 4501 6)
184 4434 228 4484 Fr
245 4430 270 4484 8
290 4430 314 4492 ὃ.

134 4505 163 4575 7)
183 4506 228 4556 Fr.
246 4501 271 4554 2.
290 4501 314 4563 ἓ.

338 4145 363 4197 2

330 4149 545 4411 33⁶1·stst
520 4282 546 4337 8.
564 4303 603 4352 pr.
623 4283 677 4344 52.
695 4282 748 4335 inl
736 4279 778 4334 13
796 4299 835 4349 pr.
854 4283 887 4333 D
906 4277 1286 4348 16,1(ausocumv0uo.t
1354 4288 1381 4350 j

350 4427 377 4480 4.

359 4356 498 4417 141021).

394 4423 1064 4485 fr.........111228§11>nc019..o.00d

333 4430 1170 4565 311123()ρι1)1ινο231111σου]Ι

1106 4616 1113 4651 t
