2804 4966
123 250 161 302 VI
637 258 801 295 cononatus

1252 352 1320 414 Ρη.

124 426 216 490 Titut.
249 428 299 489 lV.
375 429 421 490 De
443 427 585 492 Novellis
619 474 1217 493 ............
1283 435 1325 496 27

166 575 181 608 „
248 529 284 590 V.
370 531 418 593 De
441 549 576 612 corpore
598 531 677 592 iuris
701 531 804 594 civilis
831 535 963 613 eiusque
986 537 1118 614 partium
1141 537 1222 596 inter

376 698 388 710 ‚
414 648 450 693 se
468 636 574 694 mutuo
595 633 717 695 ratione
1165 627 1171 651 ⁸

622 814 749 878 CAPUT
771 815 822 877 lV.

284 949 332 1012 De
354 949 431 1029 sotis
454 949 537 1011 Iuris
559 949 689 1012 Romani
711 949 796 1030 opud
815 950 946 1030 populos
966 950 1163 1013 recentiores.

123 1100 214 1162 Titul.
245 1099 268 1160 1.
370 1100 417 1162 De
445 1099 517 1162 sutis
550 1101 629 1163 iuris
660 1100 844 1164 iustinionei
869 1101 901 1164 in
931 1104 1062 1181 imperio
1092 1120 1220 1168 romano

408 1200 554 1264 'Orientis

168 1345 183 1378 „
247 1300 285 1361 ll.
371 1300 418 1363 De
448 1301 518 1363 iotis
546 1302 627 1365 luris
658 1305 785 1366 Romani
814 1306 895 1385 opud
925 1307 1060 1386 populos
1086 1307 1220 1384 Eunopae

420 1399 630 1467 Occidentalis
675 1450 1215 1468 ...........
1282 1405 1324 1469 29

627 1582 753 1645 CAPUT
778 1583 815 1644 V.

566 1713 613 1776 De
633 1712 770 1794 sontibus
789 1712 878 1777 iuris.

128 1864 220 1926 Titui.
249 1866 272 1926 1.
375 1839 422 1925 Uo
444 1866 514 1926 iure
534 1865 653 1946 scripto
678 1910 1005 1926 .......
1022 1847 1058 1925 “.
1105 1912 1111 1925 .
1157 1911 1164 1925 .
1211 1911 1217 1924 .
1282 1866 1324 1928 33

170 2009 185 2042 „
251 1963 290 2025 ΙΙ.
376 1963 422 2025 De
444 1966 513 2026 iure
538 1983 599 2027 non
625 1967 744 2046 scripto
761 2007 1216 2026 ..........
1283 1967 1325 2029 34

170 2110 185 2143 „
249 2064 303 2126 lll.
374 2064 421 2127 De
453 2066 532 2127 iuris
562 2066 685 2148 regulis
716 2068 754 2129 ad
786 2067 930 2150 singulos
963 2084 1074 2129 causes
1098 2086 1224 2129 accom-

419 2168 581 2231 modandis
624 2213 1217 2230 ............
1283 2168 1325 2233 35

297 2359 724 2431 INSTITUTIONUM
748 2361 909 2430 LIBER
934 2358 1148 2431 PRIMUS.

597 2509 655 2580 De
678 2513 854 2606 personis.

637 2693 764 2758 CAPUT
786 2694 809 2756 1.

130 2835 223 2898 Titui.
253 2834 277 2895 1.
378 2833 425 2895 De
450 2835 519 2896 iure
540 2849 745 2914 personarum
767 2832 799 2892 in
820 2831 1002 2893 universum
1054 2875 1061 2890 .
1108 2875 1114 2889 .
1160 2873 1168 2889 .
1214 2874 1221 2888 .

633 3012 760 3075 CAPUT
784 3012 822 3073 ΙΙ.

299 3147 346 3209 ue
367 3152 451 3208 stato
472 3162 641 3224 servorum,
665 3144 875 3206 libertinorum
897 3149 926 3204 et
945 3144 1150 3224 ingenuorum,

132 3280 224 3342 Titui.
254 3280 277 3341 1.
378 3280 550 3341 Deservis

175 3381 294 3460 ΜΠ.
380 3381 426 3442 De
449 3380 745 3443 manumissionibus
771 3383 802 3440 et
823 3377 978 3439 libertinis
1001 3423 1222 3438 .....
1286 3377 1328 3438 42

175 3527 190 3562 „
255 3482 307 3544 ΙΙΙ.
380 3481 426 3544 De
448 3483 596 3565 ingenuis
631 3524 1223 3542 ............
1286 3477 1329 3539 44

629 3660 756 3724 CAPUT
780 3660 834 3722 ΙΙΙ.

420 3796 467 3856 De
490 3794 538 3855 tis
559 3794 611 3873 qni
631 3794 680 3855 oet
701 3775 822 3855 snioet
844 3793 935 3855 alieni
956 3799 1035 3855 sont.

380 3926 427 3988 De
450 3931 605 4007 potestate
627 3924 820 3987 dominorum
847 3928 879 3988 in
901 3944 1014 3989 servos
1059 3971 1066 3985 .
1112 3972 1119 3986 .
1166 3973 1171 3985 .
1218 3972 1224 3985 .
1289 3926 1331 3989 45

379 4026 426 4089 De
450 4029 547 4107 patrio
572 4030 729 4107 potestate
795 4071 1225 4088 .........
1289 4026 1329 4085 ot

382 4128 429 4189 De
451 4127 567 4205 nuptiis
632 4169 1226 4186 ............
1289 4124 1330 4186 49

176 4277 191 4310 „
299 4275 305 4291 .
378 4228 424 4290 Do
448 4225 675 4307 legitimatione
737 4269 1224 4287 ..........
1289 4223 1331 4287 54

176 4378 191 4411 „
283 4375 290 4390 .
378 4328 425 4390 De
450 4326 618 4406 adoptione
686 4369 1226 4387 ...........
1290 4325 1331 4389 55

298 4475 305 4490 .
377 4428 497 4502 Quibus
521 4425 688 4489 modis1us
710 4427 818 4506 patriae
838 4429 1002 4507 potestatis
1025 4422 1161 4490 solvitur
1216 4471 1223 4484 .
1290 4423 1330 4488 58
