2804 4966
447 304 645 341 tusrtwrtottzs
664 303 737 343 1111111
758 303 860 341 nonin
880 303 999 342 l’lllb'ssl.

672 540 737 635 ori.
759 572 815 639 ru.

182 768 245 834 DE
267 765 648 835 OBLIGATIONIBUS
671 767 777 848 QUAE
797 767 860 833 EX
882 767 1032 838 VARHS
1053 768 1305 838 CAUSARUM

517 867 694 937 FIGURIS
721 868 961 936 ORIUNTUR.

213 1077 280 1128 rrr.
299 1078 320 1128 r.
359 1072 406 1125 un
427 1072 733 1125 oanraarronrnns
754 1071 836 1135 oum
858 1071 967 1134 ouasr
983 1072 1032 1122 nx
1051 1072 1273 1125 conrnrcru
1318 1064 1333 1085 ‘

613 1160 828 1213 ursouurnn
841 1157 870 1226 ι).

185 1299 215 1377 §.
230 1296 301 1361 994.
347 1295 443 1368 Quasi
461 1313 500 1356 ox
516 1299 677 1357 contractu
694 1295 782 1356 nasei
802 1259 951 1356 dicuntdr
964 1292 1103 1373 quaedam
1116 1292 1345 1376 obligationes,

143 1413 212 1476 quae
234 1400 343 1457 natura
367 1413 421 1456 sua
432 1394 470 1457 ad
494 1413 547 1457 eas
567 1395 732 1471 accedunt,
754 1412 824 1475 quae
837 1413 876 1456 ex
892 1398 1054 1456 contracto
1069 1392 1344 1473 profisciscuntur,

144 1502 175 1558 et
195 1497 326 1558 maxime
355 1495 470 1557 distant
497 1496 535 1557 ab
565 1498 623 1571 iis,
655 1513 724 1575 quae
754 1513 793 1557 ex
824 1494 941 1557 delicto
971 1495 1175 1556 substantiam
1207 1495 1344 1573 capiunt.

143 1595 365 1658 contractuum
385 1613 515 1658 numero
539 1597 585 1658 lrae
610 1597 820 1679 obligationes
844 1614 905 1658 non
935 1601 1026 1672 sunt,
1057 1596 1203 1674 quoniam
1228 1593 1346 1656 nullam

141 1698 173 1758 in
196 1712 231 1757 se
255 1697 494 1758 conventionem
518 1696 735 1778 continenti),
759 1699 789 1757 in
814 1697 938 1758 caeteris
963 1696 1105 1758 omnibus
1130 1696 1345 1758 contractibus

143 1797 343 1876 aequiparata
370 1803 443 1857 sunt
469 1803 501 1859 ct
522 1797 634 1859 civiles
656 1799 796 1859 actiones
817 1798 952 1879 pariunt.
998 1798 1076 1859 Sunt
1098 1801 1203 1858 autem
1227 1813 1346 1872 causae,

143 1914 183 1958 ex
207 1896 320 1974 quibus
344 1897 506 1974 oriuntur,
539 1899 606 1959 lroe:
643 1899 670 1960 si
693 1900 763 1978 quis
786 1898 924 1959 absentis
954 1903 986 1958 et
1013 1897 1191 1978 ignorantis
1216 1896 1348 1980 negotia

143 1998 255 2081 gessit,
275 1999 302 2058 si
327 1998 397 2075 quis
418 1997 547 2059 tutelam
573 2000 675 2080 gessit
697 1998 748 2060 vel
771 2016 888 2074 curam,
910 1999 984 2059 item
1004 1998 1032 2058 si
1051 2000 1134 2060 inter
1156 1997 1284 2077 aliquos
1307 1998 1349 2060 sit

139 2098 208 2159 sine
231 2097 383 2158 societate
406 2099 590 2160 communio.
623 2098 769 2178 Denique
792 2099 884 2161 heres
907 2099 1083 2180 legatorum
1107 2099 1234 2160 nomine
1250 2103 1283 2160 et
1306 2099 1348 2176 is,

143 2199 194 2260 cui
215 2197 387 2259 indebitum
410 2198 547 2260 solutum
571 2204 630 2276 cst,
653 2202 743 2283 quasi
766 2218 805 2261 ex
829 2206 992 2262 contractu
1014 2199 1197 2282 obligantur
1209 2198 1250 2288 ³).

185 2302 215 2382 ξ.
228 2299 300 2364 995.
346 2299 377 2362 Si
400 2303 470 2380 quis
492 2301 622 2363 alterius
646 2304 786 2384 negotia,
809 2305 878 2364 sine
900 2301 1054 2377 mandato,
1077 2302 1190 2384 gessit,
1213 2301 1350 2382 placuit,

144 2418 200 2464 eos
223 2400 357 2464 invicem
381 2401 527 2484 obligari,
551 2419 653 2481 eoque
676 2403 799 2464 nomine
821 2402 953 2483 proditae
977 2406 1052 2463 sunt
1073 2403 1235 2478 actiones,
1267 2418 1348 2482 quas

142 2501 333 2584 appellamus
358 2504 557 2584 negotiorum
581 2507 759 2585 gestorum,
790 2503 903 2583 quibus
926 2518 1016 2582 oeque
1043 2503 1181 2582 experiri
1209 2509 1349 2584 possunt

145 2603 184 2665 de
207 2621 256 2680 eo,
282 2602 365 2683 quod
388 2621 429 2664 ex
451 2603 534 2665 bona
556 2602 617 2665 lide
638 2602 770 2666 alterum
796 2598 887 2666 alter'i
912 2608 1063 2683 praestare
1089 2609 1226 2685 oportet.
1269 2604 1348 2669 ldeo

141 2708 244 2766 autem
266 2703 297 2765 id
319 2709 480 2784 receptum
506 2710 564 2781 est,
587 2705 659 2784 quia
680 2705 867 2784 plerumque
890 2722 928 2766 eo
948 2704 1049 2766 animo
1080 2722 1218 2787 peregre
1243 2703 1348 2785 proli-

141 2805 319 2880 oiscuntur,
344 2805 434 2883 quasi
456 2807 557 2867 statim
580 2805 729 2881 redituri,
753 2823 812 2866 nec
838 2804 876 2867 ob
901 2804 931 2866 id
955 2802 1012 2865 utlr
1033 2805 1087 2893 alii
1108 2821 1216 2867 euram
1238 2823 1349 2889 nego-

142 2905 255 2966 tiorum
279 2921 407 2965 suorum
434 2905 589 2983 mandant,
613 2906 728 2968 deinde
751 2906 843 2968 novis
866 2907 971 2967 causis
994 2904 1283 2968 intervenientibus
1306 2925 1349 2968 ex

144 3005 335 3067 necessitate
370 3004 488 3068 diutius
522 3007 652 3083 absunt,
691 3024 823 3086 quorum
857 3008 984 3089 negotia
1024 3005 1162 3085 deperiri
1199 3005 1348 3085 iniquum

145 3110 228 3180 erat,
263 3122 331 3184 quae
353 3125 428 3168 sane
451 3107 652 3188 deperirent,
678 3109 705 3170 si
728 3106 780 3170 vel
804 3111 850 3185 is,
881 3108 935 3186 qui
958 3106 1126 3169 obtulisset
1147 3124 1182 3168 se
1204 3106 1349 3188 negotiis

145 3205 306 3289 gerendiS,
330 3207 447 3269 nullam
464 3207 634 3270 'habiturus
656 3214 741 3270 esset
763 3210 918 3271 actionem
939 3206 978 3268 de
995 3224 1045 3282 eo,
1069 3205 1152 3285 quod
1170 3205 1294 3268 utiliter
1308 3206 1350 3271 de

144 3326 203 3371 suo
229 3308 451 3389 impendissem
483 3307 534 3369 vel
560 3311 586 3370 si
609 3311 652 3386 is,
683 3310 773 3372 cuius
798 3309 925 3391 negotia
950 3312 1042 3389 gesta
1065 3310 1155 3383 sunt,
1186 3306 1350 3368 adversus

143 3427 224 3485 eum,
246 3410 299 3487 qui
322 3410 493 3471 invasisset
515 3413 643 3493 negotia
669 3411 748 3487 eius,
772 3410 859 3473 nullo
883 3411 953 3472 iure
976 3427 1073 3490 agere
1095 3410 1204 3488 posset
1216 3407 1260 3495 ⁴).

186 3514 216 3594 ξ.
229 3511 301 3575 996.
345 3510 448 3572 Debet
471 3516 584 3586 autern,
606 3511 659 3591 qui
681 3508 799 3593 gessit,
813 3512 952 3574 rationes
972 3508 1120 3586 reddere,
1141 3507 1179 3570 ad
1202 3509 1351 3571 exactis-

143 3613 249 3672 simam
278 3610 402 3690 quidem
425 3610 637 3693 diligentiam3
673 3629 736 3674 non
766 3613 846 3673 errim
876 3609 992 3673 suflicit
1020 3609 1114 3672 talem
1145 3607 1350 3693 diligentiam

142 3709 310 3785 adhibere,
340 3710 462 3789 qualem
485 3712 552 3772 suis
575 3712 672 3774 rebus
695 3712 847 3774 adhibere
867 3710 969 3785 solet,
994 3711 1021 3772 si
1044 3709 1136 3773 modo
1158 3709 1243 3773 alins
1267 3712 1347 3776 dili-

142 3814 269 3895 gentior
290 3813 483 3876 commodius
508 3813 782 3877 administraturus
804 3820 871 3877 erat
886 3815 1013 3898 negotia
1025 3813 1066 3902 ⁶).
1104 3811 1177 3875 Haec
1188 3812 1351 3896 obligatio

176 4047 205 4115 1)
224 4050 244 4100 1.
263 4047 288 4112 3,
311 4048 353 4103 27.
376 4053 408 4103 tr.
426 4049 451 4105 5.
469 4054 503 4103 D.
522 4048 566 4114 44,
584 4049 601 4102 7
621 4050 668 4119 (de
688 4053 742 4105 obl.
764 4060 791 4107 et
809 4051 881 4119 act).

177 4121 205 4184 2)
227 4123 289 4188 Arg.
308 4124 339 4174 fr.
361 4120 386 4175 5.
406 4140 444 4189 pr.
465 4124 491 4173 in
514 4123 639 4174 mediol.
661 4140 683 4173 a.

144 4261 153 4330 (
176 4190 205 4259 3)
226 4194 268 4313 111.
288 4190 364 4331 5.)Ι).
383 4192 426 4256 44,
444 4190 461 4245 7
480 4190 527 4260 (de
548 4195 579 4245 Ο.
599 4201 624 4246 et
645 4191 696 4258 1.).
721 4192 943 4257 1101111113,
963 4190 1005 4245 27.
1025 4195 1057 4245 fr.
1077 4192 1120 4246 19.
1140 4192 1163 4253 ἓ.
1186 4191 1213 4245 1.
1236 4195 1272 4247 D.
1292 4194 1353 4260 5,1

155 4266 189 4317 dc
207 4266 236 4316 iu
256 4265 332 4316 iciis.

175 4333 204 4400 4)
223 4337 314 4388 Verba
335 4336 394 4388 Gaii
411 4337 439 4388 in
457 4337 488 4386 fr.
505 4333 530 4388 5.
551 4354 589 4402 pr.
609 4339 642 4388 D.
662 4334 706 4400 44,
725 4333 749 4388 7.
769 4337 858 4388 citata.
876 4353 916 4402 pr.
934 4337 954 4388 Ι.
974 4335 1000 4386 1.
1020 4341 1038 4387 t.
1064 4336 1096 4386 fr.
1115 4332 1141 4385 3.
1162 4352 1203 4403 pr.
1233 4338 1270 4390 D.
1289 4336 1354 4405 3,5

107 4470 117 4481 ι
140 4402 187 4471 (do
205 4423 265 4471 neg.
283 4406 384 4473 gostis).
422 4406 525 4474 Magne
543 4407 566 4466 §-
585 4406 645 4460 356.

177 4474 205 4542 5)
225 4478 316 4530 Verba
335 4496 373 4546 pr.
393 4479 415 4530 1.
435 4479 461 4531 h.
480 4484 498 4531 t.
517 4480 545 4530 in
563 4480 581 4530 f.
