2804 4966
94 281 129 335 44
414 287 614 327 ΙΙΠΙἹΙΠΙΟΙΙΙ
632 288 706 329 wll!
725 288 830 328 mm
850 289 973 347 ῌΙΥΜΙ,

97 422 186 485 tuere
209 420 427 483 libertinorum
451 439 587 504 genera,
610 424 697 483 cives
720 420 861 497 Romani,
884 419 989 483 Latini
1015 421 1172 501 lupiani,
1204 435 1233 491 et
1254 432 1285 510 pn

96 521 309 586 dedititiorum
333 537 462 584 numero
486 521 681 585 habebantur
696 528 704 563 ¹
708 534 733 607 ).
777 521 931 583 Praeterea
953 520 1036 605 lege
1063 523 1167 590 Furia
1192 526 1286 591 Caniui

95 628 201 685 certus
223 620 332 684 modus
354 623 542 684 constitutus
566 623 668 685 estin
690 623 795 685 servis
818 626 1010 685 testamento
1031 628 1286 701 manumittendis

98 723 222 787 scilicet
252 727 286 784 ut
313 741 352 785 ex
382 729 469 786 certo
498 741 666 787 servorum
687 742 817 788 numero
840 723 987 801 dimidiu,
1026 733 1089 790 aut
1113 730 1229 804 tertia,
1257 735 1287 791 au

96 828 217 903 quarta,
240 829 293 886 aut
308 825 415 907 quintu
442 830 473 886 et
496 825 645 906 deinceps
668 843 741 906 pars
765 824 894 889 liberari
916 829 1023 907 possit
1036 827 1079 910 ²).

85 942 96 963 ⁸
136 941 251 1023 §.152
297 941 636 1022 lastinianusplurimu
660 944 692 1004 in
711 944 771 1005 boc
795 944 863 1005 iure
886 943 1082 1021 innovavit3
1110 965 1225 1012 omnes
1246 966 1288 1010 ue

96 1041 281 1104 numittendi
305 1042 420 1104 formas
446 1040 556 1103 eodem
579 1045 648 1104 iure
672 1061 756 1119 esse,
781 1060 954 1123 omnesque
975 1048 1206 1112 manumissos
1227 1051 1288 1112 circ

94 1140 163 1204 lieri
184 1144 319 1204 sancivit
333 1143 369 1223 ³).
414 1142 517 1225 Leges
541 1143 717 1205 libertatem
740 1147 926 1206 coercentes
949 1144 1003 1206 vel
1024 1148 1058 1209 in
1075 1153 1187 1213 totum
1208 1149 1255 1212 vel
1271 1151 1288 1212 ir

94 1243 200 1305 multis
225 1241 379 1321 capitibus
403 1240 542 1305 abolevit
555 1246 599 1325 ⁴),
627 1263 685 1306 nec
710 1262 771 1307 non
795 1244 936 1307 solennia
960 1248 1181 1329 antiquarum
1204 1268 1288 1313 manu-

95 1343 287 1402 missionum.
332 1340 391 1401 Pro
414 1359 511 1403 censu
534 1345 787 1419 manumissione,
811 1345 923 1424 quaein
941 1343 1204 1416 desuetudinem
1224 1353 1289 1416 ubic

95 1442 187 1522 nott),
215 1460 292 1516 earn,
315 1459 385 1522 quae
409 1462 426 1504 e
449 1443 642 1507 Constantini
666 1446 942 1508 constitutionibus
965 1447 997 1508 in
1027 1450 1184 1516 ecclesia
1210 1454 1289 1523 fiebat,

96 1543 286 1622 servavitssl.
330 1542 461 1623 Reliqua
488 1562 558 1624 quae
580 1545 618 1608 ad
632 1547 906 1608 manumissionum
930 1551 961 1607 et
987 1546 1227 1616 libertinorum
1247 1556 1290 1616 iun

96 1643 267 1723 pertinent,
291 1643 342 1704 hic
366 1662 438 1707 esse
459 1647 724 1726 praetermittenda
748 1647 902 1711 duximus.

466 1869 534 1920 TIT.
559 1870 604 1921 III.
642 1871 690 1920 DE
713 1869 885 1922 quentius
896 1866 927 1934 ⁷)-

141 2042 171 2119 ξ.
188 2038 259 2104 153.
304 2039 465 2120 Ingenuus
490 2045 550 2114 est,
574 2039 627 2118 qui
650 2039 752 2100 stetim
774 2044 807 2099 ut
829 2043 920 2100 natus
943 2043 1009 2113 est,
1032 2038 1124 2104 liber
1154 2053 1227 2121 est3
1248 2047 1294 2108 siu

100 2156 140 2200 ex
164 2138 286 2202 duobus
309 2140 457 2222 ingenuis
480 2139 511 2200 in
534 2141 617 2201 iusto
640 2140 836 2201 matrimonio
863 2138 966 2201 editus
989 2140 1042 2215 sit,
1068 2143 1147 2206 sive
1175 2164 1220 2209 ex
1233 2147 1295 2210 due-

99 2239 158 2302 bus
185 2239 359 2316 libertinis,
391 2241 459 2301 sive
484 2256 524 2300 ex
553 2238 653 2301 altero
679 2239 828 2302 libertino
854 2245 884 2301 et
914 2238 1015 2302 allero
1038 2241 1213 2325 ingenuo.
1253 2244 1294 2309 sa

102 2341 163 2402 etsi
188 2341 259 2421 quis
281 2358 321 2401 ex
342 2346 440 2402 mutue
470 2339 568 2402 libera
595 2341 754 2415 nascitur,
783 2345 872 2420 patre
894 2357 970 2400 vero
995 2357 1115 2419 servo,
1146 2347 1296 2432 ingennus

102 2441 305 2503 nihilominus
330 2442 481 2502 nascitur.
537 2440 658 2504 Sufficit
684 2447 786 2503 autern
813 2440 943 2502 liberam
972 2439 1075 2502 luisse
1102 2452 1246 2512 matrem
1274 2465 1297 2511 ec

104 2547 257 2622 ternpore,
280 2558 343 2621 quo
368 2542 519 2618 nascitur,
544 2542 618 2604 licet
632 2541 745 2604 ancilla
768 2542 969 2622 conceperit3
993 2555 1024 2603 et
1046 2549 1298 2626 econtrario,si

102 2641 201 2703 libera
219 2643 411 2722 conceperit,
428 2642 547 2728 deinde
561 2642 673 2705 ancilla
688 2641 768 2705 sacta
784 2645 894 2723 pariat,
916 2643 1036 2723 placuit
1049 2660 1137 2723 eum,
1164 2652 1226 2729 qui
1239 2667 1298 2713 nar-

101 2743 193 2817 citur,
216 2741 348 2804 liberum
370 2745 477 2820 nasci,
501 2746 658 2825 quianon
680 2726 774 2806 debet
797 2743 955 2806 calamitas
978 2745 1086 2805 matris
1114 2748 1146 2809 ei
1181 2768 1298 2823 nocere

100 2845 154 2923 qui
178 2845 211 2905 in
232 2848 343 2905 ventre
366 2851 424 2906 est.
476 2845 581 2922 lmmo,
615 2845 675 2907 elsi
699 2843 812 2906 ancilla
835 2862 1001 2927 praegnans
1024 2850 1230 2914 manumissa
1261 2854 1299 2926 sit

99 2943 213 3005 deinde
236 2943 347 3005 ancilla
371 2943 451 3007 luctu
472 2952 580 3026 postea
605 2946 745 3026 peperit,
777 2944 910 3007 liberum
941 2947 1041 3025 parit;
1076 2948 1207 3014 suflicit
1231 2955 1299 3017 euiu

100 3045 148 3118 ei,
173 3045 226 3122 qui
248 3045 279 3107 in
305 3051 417 3107 ventre
447 3051 512 3121 est,
540 3047 669 3108 liberam
700 3051 827 3108 matrem
851 3046 902 3107 vel
937 3047 1040 3107 medio
1069 3052 1224 3131 ternpore
1253 3056 1299 3117 bn-

99 3144 254 3227 buissess).

141 3262 253 3345 §.154
298 3261 374 3324 Cum
396 3265 552 3345 ingenuus
575 3263 687 3343 aliquis
711 3269 802 3324 natus
825 3265 876 3340 sit,
899 3282 960 3325 non
977 3264 1074 3327 officit
1088 3265 1150 3344 illi,
1177 3272 1211 3332 in
1237 3290 1300 3335 ser-

103 3437 298 3449 ...u-...m

100 3544 168 3596 bucin
194 3542 243 3594 der
267 3543 420 3592 rdmr’actuen
446 3537 616 3608 Epaprapam
640 3541 713 3603 t.1.,
739 3542 802 3592 item
821 3542 972 3608 separatim.
1010 3540 1206 3610 Heidelbergae
1229 3544 1301 3600 1857.

102 3615 141 3666 Gi.
163 3614 333 3679 Labouluya'a’
356 3612 562 3679 disputationem
580 3613 608 3664 in
627 3613 720 3665 Reoue
741 3615 888 3680 dicturique
911 3616 949 3666 du
968 3614 1042 3666 droit
1054 3615 1097 3682 sr.
1120 3622 1150 3664 εἰ
1172 3618 1228 3670 etr.
1250 3625 1269 3670 t.
1285 3619 1306 3689 l.⁸

99 3703 116 3752 P
134 3756 162 3822 1)
182 3757 244 3823 Ulp.
262 3757 283 3806 I.
304 3752 416 3806 11-15.
453 3757 516 3806 Inst·
536 3753 561 3817 1,
581 3753 606 3806 6.
646 3754 705 3827 Gai.
726 3754 750 3805 1.
771 3753 793 3813 ἓ.
814 3753 848 3807 13
866 3771 922 3823 sqq.

135 3828 164 3893 2)
184 3827 245 3894 Ulp.
266 3828 284 3878 1.
304 3843 326 3877 c.
366 3826 424 3878 Gai.
445 3826 470 3879 1.
490 3825 513 3885 §-
534 3822 649 3878 42-46.

132 3896 161 3965 3)
180 3899 203 3959 ἐ.
221 3898 247 3950 3.
267 3899 287 3948 Ι.
306 3896 366 3958 1,5
390 3896 436 3964 (de
454 3894 605 3961 libertinis).
632 3914 653 3948 o.
672 3897 696 3949 1.
728 3891 1113 3963 c.7,6(d.1.at.1.ibert.).
1141 3897 1213 3951 Nou.
1236 3899 1282 3954 78.

112 4016 116 4024 ,
133 3969 163 4034 4)
186 3969 251 4024 (lod.
272 3969 318 4019 lib.
337 3967 362 4019 7.
381 3970 419 4020 tit.
440 3967 464 4021 3.
484 3967 508 4020 5.
531 3967 556 4019 6.
594 3970 614 4019 1.
633 3969 658 4031 1,
678 3966 694 4020 7
714 3965 760 4033 (un
779 3976 845 4014 uuor
865 3975 947 4014 runrn
967 3976 1081 4014 onmium
1098 3973 1267 4037 rennuunt).

135 4040 164 4105 5)
180 4042 241 4108 Ulp.
261 4042 281 4091 1.
301 4038 327 4091 8.
463 4037 490 4104 6)
511 4039 543 4088 L.
562 4038 587 4091 1.
607 4039 631 4091 2.
669 4040 697 4091 0.
718 4038 796 4101 1,13
816 4036 863 4106 (de
882 4039 923 4090 his
942 4041 987 4106 qui
1006 4041 1034 4090 in
1048 4039 1193 4106 ecclesiis).

135 4111 163 4178 7)
182 4113 246 4164 lust.
264 4113 311 4163 lib.
330 4112 350 4162 1.
368 4113 406 4162 tit.
427 4110 444 4163 3
462 4107 508 4173 (uu
528 4105 673 4175 munuum).
713 4110 772 4161 Gai.
790 4109 815 4162 1.
835 4108 858 4168 §-
879 4109 922 4161 11.

133 4182 161 4250 8)
181 4186 222 4234 Pr.
241 4185 263 4234 I.
282 4185 308 4234 h.
326 4188 343 4234 t.
365 4199 400 4234 ex
418 4181 556 4232 Marciano
581 4182 609 4231 in
630 4183 660 4232 fr.
680 4179 704 4233 5.
724 4180 747 4240 §-
767 4181 792 4234 2.
811 4180 837 4233 3.
866 4182 900 4232 D.
919 4177 981 4245 1‚5
1007 4177 1052 4246 (de
1075 4183 1147 4231 statu
1170 4182 1293 4245 hamuel·

100 4256 167 4309 Sunt
184 4255 240 4307 baec
257 4259 365 4320 receptu
388 4259 447 4305 tum
467 4252 540 4320 quod
565 4253 715 4304 nasciturus
735 4254 850 4304 habetur
875 4267 923 4319 pro
946 4256 1024 4314 nuto,
1043 4252 1158 4323 'quoties
1186 4255 1223 4306 du
1248 4257 1300 4308 eius

99 4327 245 4379 commodis
266 4328 351 4394 agitur
370 4323 403 4387 (ἓ.
424 4322 487 4386 122)
503 4328 558 4373 tum
576 4325 669 4375 favore
686 4325 825 4375 libertatis.
845 4323 897 4375 Cir.
912 4326 944 4375 fr.
964 4324 988 4375 2.
1012 4323 1040 4382 ἓ..
1055 4320 1096 4375 24-
1115 4324 1149 4374 D.
1171 4323 1198 4387 1,
1218 4326 1235 4377 2
1255 4325 1299 4391 (ds

100 4399 164 4464 orig.
182 4394 251 4464 iure)
276 4403 302 4449 et
318 4398 349 4447 ir.
374 4396 398 4449 9.
420 4394 445 4456 ἓ.
464 4393 489 4445 6.
517 4395 549 4442 D.
569 4391 631 4455 4‚4
659 4391 706 4462 (de
724 4392 891 4459 minoribus).
929 4394 982 4445 cn.
1001 4400 1028 4445 et
1054 4396 1085 4444 fr.
1106 4393 1149 4447 22.
1182 4396 1218 4446 D.
1237 4390 1300 4460 v1,5

103 4467 151 4534 (ut.
170 4465 233 4536 cit).
