2804 4966
550 345 631 381 ΙιΙΙΙΙ
647 345 689 392 111.
713 344 771 382 ΟΛ).
786 345 815 384 ΙΙ.
1230 301 1284 391 wi

78 479 141 550 est,
165 471 444 552 frequentissimus
461 476 531 531 erat
548 471 630 550 apud
651 471 804 534 Romanos
825 471 1060 551 stipulationum
1082 491 1170 552 usus,
1191 476 1232 538 ita
1253 484 1289 539 ut

75 575 110 636 in
135 573 281 635 omnibus
304 570 372 634 fere
395 571 534 653 negotiis
557 571 700 632 adbiberi
727 570 878 633 solerent.

122 672 275 734 Effectum
297 676 347 735 cst
367 673 451 748 iude,
473 677 510 732 ut
529 670 620 733 locus
641 671 680 733 de
703 672 958 752 stipulationibus
978 671 1130 736 latissime
1151 682 1285 757 pateret,

76 780 110 836 et
135 773 370 836 iurisconsultis
387 776 523 835 romanis
540 775 802 852 opportunitatem
823 772 951 835 offerret
972 775 1004 834 in
1028 774 1127 836 titulis
1151 775 1191 838 de
1206 796 1284 839 ver-

74 876 191 937 borum
212 873 458 956 obligationibus
482 872 642 956 generalia
668 873 707 935 de
727 875 759 933 vi
783 878 815 935 et
834 856 944 935 natura
967 880 1184 936 contractuum
1199 895 1284 956 pras-

77 981 172 1056 cepta
195 976 394 1057 exponendi:
419 975 503 1055 quod
524 979 556 1037 et
578 991 636 1036 nos
653 973 816 1036 Iustiniani
831 973 1007 1055 exemplum
1020 983 1202 1055 sequentes,
1225 979 1284 1041 iam

74 1076 185 1138 statim
207 1073 357 1136 iaciemus
370 1075 410 1160 1).

122 1175 240 1257 §.tto
284 1173 354 1238 Nou
384 1173 487 1237 solum
517 1190 570 1235 res
599 1175 630 1234 in
659 1174 893 1253 stipulationem
927 1174 1040 1237 deduci
1067 1159 1200 1256 possunt
1227 1176 1284 1239 sed

76 1279 176 1339 etiam
200 1276 292 1354 lacta,
316 1282 351 1338 ut
370 1276 558 1357 stipulamur
579 1274 699 1355 aliquid
723 1275 791 1336 lieri
813 1275 865 1337 vel
889 1293 951 1337 non
974 1276 1061 1351 tieri3
1088 1277 1144 1339 sed
1167 1278 1199 1339 iu
1222 1277 1286 1339 bu-

77 1378 223 1441 iusmodi
243 1377 489 1461 obligationibus
504 1378 651 1457 optimum
667 1382 726 1452 est,
746 1395 868 1456 poenam
882 1377 1052 1454 subiicere,
1074 1397 1115 1441 ne
1127 1378 1285 1458 quantitas

77 1479 300 1560 stipulationis
323 1479 354 1538 in
377 1479 500 1540 incerto
522 1478 564 1539 sit
586 1496 646 1539 uec
669 1476 813 1540 necesse
830 1480 870 1539 sit
898 1481 997 1541 actori
1024 1479 1180 1559 probare,
1210 1478 1284 1559 quid

77 1582 151 1642 eius
179 1578 355 1664 intersit2).
399 1578 508 1659 ltaque
537 1579 565 1638 si
597 1580 685 1658 quis,
713 1584 748 1640 ut
777 1579 829 1640 tint
857 1578 995 1659 aliquid,
1028 1578 1212 1660 stipuletur,
1243 1581 1286 1641 ita

75 1681 178 1743 adiici
199 1698 290 1760 poena
308 1679 418 1742 debet:
444 1681 472 1741 si
492 1680 535 1772 ita
560 1677 674 1742 sactum
698 1698 759 1742 non
786 1682 858 1756 erit,
880 1686 956 1742 tunc
977 1680 1287 1760 poenoeuominede-

76 1800 149 1843 cem
174 1797 289 1843 aureos
311 1780 387 1842 darc
408 1779 572 1859 spondes?
596 1780 655 1842 Sed
676 1782 703 1841 si
726 1782 865 1860 quaedam
881 1781 960 1856 lieri,
984 1781 1124 1861 quaedam
1139 1799 1201 1844 non
1217 1778 1286 1842 lieri

76 1901 143 1958 una
177 1881 350 1961 eademque
381 1881 588 1959 conceptione
623 1881 809 1961 stipuletur,
846 1880 987 1943 clausula
1016 1882 1196 1943 huiusmodi
1224 1883 1286 1944 crit

77 1983 280 2047 adiicienda:
303 1981 516 2062 „siadversus
539 2001 573 2042 ea
599 1980 712 2072 lactum
734 1984 805 2058 erit,
828 1985 898 2044 sive
923 1983 998 2062 quid
1021 1983 1064 2044 ita
1086 1982 1200 2044 lactum
1223 1999 1286 2044 uon

61 2087 157 2161 ·erit,
180 2089 254 2145 tunc
276 2069 377 2164 poeum
397 2083 523 2144 nomine
545 2082 653 2144 decem
677 2101 791 2146 aureos
814 2085 890 2145 dare
912 2083 1080 2163 spondes‘.

126 2185 241 2269 §.tat
285 2183 348 2246 Res
370 2189 474 2247 autem
495 2185 634 2264 promitti
656 2189 779 2264 potest,
812 2185 864 2246 vel
887 2179 1053 2261 ut'detur,
1086 2183 1139 2245 rel
1161 2189 1197 2245 ut
1218 2189 1286 2246 tra-

78 2289 187 2351 datur.
229 2285 304 2348 Nam
326 2287 488 2366 stipulatio
511 2305 543 2347 v.
565 2307 592 2348 c.
620 2286 750 2366 fundam
776 2286 847 2347 duri
874 2287 1032 2363 continet,
1060 2292 1095 2347 ut
1116 2286 1286 2349 dominium

78 2386 262 2451 omnimodo
286 2385 441 2448 efficiatur
461 2386 657 2466 stipulatoris
680 2404 871 2467 quocunque
891 2387 1033 2472 model).
1067 2387 1100 2449 Si
1118 2405 1184 2449 rem
1206 2386 1287 2449 tradi

78 2488 283 2569 stipulamur,
306 2504 369 2548 non
391 2486 600 2569 intelligimus
621 2489 846 2569 proprietatem
868 2488 937 2548 eius
955 2487 1022 2548 dari
1034 2486 1208 2565 stipulanti,
1230 2487 1288 2550 sed

79 2594 205 2653 tautum
229 2587 350 2674 tradit)
373 2588 394 2648 i.
418 2606 446 2649 e.
470 2592 704 2668 possessionem
728 2589 760 2649 in
782 2605 851 2651 eum
873 2586 1051 2650 transferri.

128 2687 246 2770 §.teu
289 2688 531 2769 stipulationum
561 2690 700 2769 quaedam
733 2695 827 2751 certae
855 2695 947 2765 sunt,
979 2687 1117 2767 quaedam
1147 2688 1288 2748 incertre.

81 2791 217 2854 Certum
240 2795 305 2866 est,
337 2789 422 2869 quod
446 2808 486 2852 ex
508 2792 577 2871 ipsa
599 2792 855 2875 pronuntiatione
877 2795 1024 2869 apparet:
1058 2787 1151 2868 quid,
1183 2779 1287 2867 quale,

80 2897 236 2974 quantum
258 2893 318 2952 sit:
351 2897 386 2952 ut
416 2910 490 2954 ecce
519 2892 627 2955 decern
658 2893 767 2968 aurei,
803 2891 918 2952 lundus
948 2889 1163 2965 Tusculanus,
1196 2872 1289 2949 homo

78 2992 232 3066 Stichus,
262 2993 358 3053 tritici
379 2991 479 3054 Africi
501 2994 608 3073 optimi
630 2993 724 3055 modii
747 2999 890 3070 centurn,
922 2992 989 3053 vini
1011 2989 1160 3071 Campani
1180 2988 1288 3069 optimi

80 3093 245 3174 amphorae
263 3092 372 3155 decem
383 3093 425 3178 ⁶).

126 3193 187 3256 Ubi
210 3199 312 3256 autem
336 3211 398 3255 non
421 3198 563 3273 apparet,
589 3192 677 3273 quid,
702 3193 808 3273 quale,
832 3197 1045 3273 quantumque
1067 3193 1109 3253 sit
1131 3191 1163 3250 iu
1186 3190 1290 3270 stipu-

119 3399 151 3468 1)
170 3403 285 3452 Multum
311 3399 393 3452 hodie
418 3400 486 3451 iuris
507 3402 611 3452 romani
640 3400 795 3467 interpretes
817 3399 952 3466 disputant
972 3399 1006 3448 de
1017 3414 1067 3460 θος
1086 3414 1143 3465 qun
1157 3399 1191 3449 sit
1208 3397 1288 3462 stipu-

79 3475 220 3525 lationum
240 3473 326 3536 origo,
346 3487 411 3524 vera
430 3472 538 3522 indoles
557 3478 584 3523 et
602 3487 687 3522 causa
706 3473 875 3536 obligationis
887 3489 923 3523 ex
931 3472 963 3521 iis
983 3469 1123 3520 oriundae?
1141 3466 1292 3519 Nouissiuie

82 3544 123 3597 de
142 3545 196 3596 lroo
221 3547 377 3608 argumento
403 3543 507 3609 scripsit
531 3543 569 3593 W.
592 3543 744 3594 Girtunner
763 3544 790 3593 in
807 3542 891 3594 libro:
917 3546 961 3594 die
981 3541 1151 3607 staparaaun
1167 3542 1229 3591 and
1245 3540 1292 3589 ilrr

86 3615 346 3668 Voclannionum
367 3613 463 3673 Wesen
483 3616 532 3665 der
546 3613 834 3679 Verte-aproblipotion²
852 3613 1043 3665 insterondere
1062 3627 1123 3662 sum
1134 3611 1288 3663 Creditum.

80 3687 155 3740 Ka‘el
175 3683 252 3738 1859.
288 3686 429 3750 Improbat
448 3691 541 3736 auctor
561 3690 616 3734 tam
634 3700 725 3735 eorum
749 3684 911 3750 opinionem,
931 3683 976 3751 qui
988 3682 1166 3746 stipulationis
1174 3683 1289 3732 formam

82 3774 126 3810 ex
142 3756 341 3823 nuncupatione
360 3756 636 3823 inmancipationibus
652 3760 679 3806 et
691 3771 762 3806 nexo
777 3760 912 3807 contracto
922 3754 1084 3821 processisse
1093 3758 1196 3820 putent,
1208 3766 1288 3820 quam

82 3843 181 3882 eorum
191 3863 199 3891 ,
229 3827 274 3895 qui
293 3831 462 3893 sponsionem
485 3831 546 3896 ipe.
566 3828 776 3894 antiquissimam
795 3827 942 3892 stipulandi
960 3826 1103 3876 formulam
1120 3821 1290 3876 iurisiurandi

83 3899 205 3968 speciem
223 3898 306 3950 fuisse
322 3899 446 3948 eredant:
468 3905 495 3949 et
513 3900 629 3965 probare
651 3898 756 3959 studet,
775 3900 931 3962 sponsiones
942 3903 1095 3963 ceterasque
1107 3896 1292 3963 stipulationes

83 3971 226 4022 adhibitas
235 3970 327 4031 fuisse,
346 3974 374 4020 ut
383 3971 474 4021 stricta
495 3970 637 4020 verborum
657 3969 831 4035 conceptione
849 3977 904 4021 tam
927 3970 955 4020 in
977 3969 1184 4032 interrogatione
1210 3979 1291 4032 quarn

82 4045 115 4095 in
137 4041 313 4108 responsione
337 4040 414 4090 firma
439 4040 651 4093 contrahentium
673 4044 800 4091 voluntas
824 4043 901 4108 quasi
926 4042 987 4107 lege
1011 4041 1116 4106 privata
1138 4038 1291 4097 manifesta,

84 4113 294 4179 exprimeretur,
315 4111 383 4163 siem
402 4113 496 4178 populi
513 4113 639 4163 voluutas
656 4114 718 4176 post
736 4114 903 4176 rogationem
923 4113 959 4164 ab
976 4128 1008 4164 eo
1032 4111 1094 4162 lotis
1118 4110 1222 4176 legibus
1240 4121 1290 4172 pu·

84 4185 176 4240 blicis.
197 4210 232 4220 -
253 4183 308 4234 cfr.
328 4186 356 4234 et
377 4184 491 4250 Magna,
520 4182 663 4234 Elementa
679 4183 714 4233 11.
732 4199 757 4246 p.
778 4181 839 4235 299.
918 4185 924 4194 '

126 4251 155 4322 2)
174 4254 197 4314 ἓ.
216 4252 242 4306 7.
263 4255 284 4304 Ι.
303 4255 330 4305 h.
350 4256 370 4304 t.
390 4252 428 4319 (3,
448 4252 503 4320 15).
522 4256 553 4305 ir.
571 4251 597 4304 4.
617 4252 641 4313 ἓ.
663 4252 688 4303 1.
706 4255 739 4303 D.
760 4253 787 4303 h.
804 4260 823 4306 t.

124 4323 153 4393 3)
172 4327 265 4378 Verba
281 4325 393 4391 Ulpiani
412 4327 440 4375 in
458 4328 489 4376 ir.
507 4322 551 4377 75.
569 4322 592 4382 §-
613 4323 656 4376 10.
676 4327 709 4374 D.
727 4325 754 4373 h.
772 4330 791 4375 t.
827 4326 896 4376 Inde
919 4341 974 4377 non
991 4320 1115 4372 ridentur
1134 4318 1216 4381 data,
1234 4331 1294 4385 quse

84 4414 122 4451 eo
141 4403 264 4466 tempore
278 4397 469 4527 saccipientium
486 4412 542 4448 non
559 4396 639 4447 liunt:
660 4397 763 4447 Paulus
782 4394 811 4446 in
828 4400 860 4448 fr.
873 4393 932 4448 167.
942 4412 982 4462 pr.
1000 4395 1035 4445 D.
1045 4389 1089 4455 50,
1099 4387 1134 4443 1⁷
1147 4386 1194 4456 (de
1206 4390 1238 4439 R.
1250 4385 1293 4454 l.).

84 4469 160 4522 Vide
179 4485 211 4521 su
227 4486 260 4521 rs
296 4467 383 4520 .71.

123 4538 159 4607 4)
174 4487 269 4594 Veliba
280 4538 361 4592 Pauli
377 4540 407 4591 tn
423 4539 460 4589 tr..
475 4533 519 4590 28.
536 4537 571 4589 D.
588 4537 616 4589 tr.
634 4541 654 4588 t
753 4531 783 4602 b)
803 4533 865 4588 uati
882 4534 967 4589 rerba
977 4535 1006 4587 in
1023 4535 1055 4586 ir.
1073 4527 1116 4585 74.
1134 4532 1169 4584 D.
1186 4530 1214 4582 h.
1231 4535 1250 4582 t.
