2804 4966
144 304 198 358 330
462 310 661 349 rnsrrrurrorurs
681 310 753 349 tunm
775 310 877 348 uorum
898 311 1018 348 rnrvarr.

144 455 235 513 antea
259 448 344 510 litem
365 447 394 508 ei
416 444 645 519 denuntiasset,
669 447 703 502 ut
725 443 794 522 ipse
816 441 1010 504 intervenire
1033 447 1065 503 et
1091 446 1264 522 emptorem
1287 443 1348 505 dc-

144 550 276 613 lendere
298 551 408 628 posset
421 547 456 626 ¹).
487 616 492 627 ,

188 650 324 732 51151.
367 646 508 724 Utraque
528 641 682 725 obligatio
707 647 767 703 tam
790 659 859 722 quae
882 660 922 704 ex
952 641 1069 705 delicto
1094 642 1244 705 AEdilium
1268 644 1348 707 des-

144 750 251 812 cendit
272 767 364 830 quam
388 763 458 828 quae
480 746 520 808 de
536 745 693 807 evictione
709 744 883 824 praestanda
899 749 959 821 est,
980 744 1012 805 in
1032 743 1102 806 aliis
1119 761 1247 824 quoque
1263 744 1348 807 alie-

144 851 323 915 nationibus
346 848 448 912 locum
465 846 583 908 habere
596 844 678 908 solet
693 845 741 931 ²);
766 844 864 907 veluti
887 844 919 906 in
934 847 1173 925 permutatione,
1198 852 1347 909 transac-

145 954 242 1028 tione,
265 952 339 1013 item
362 949 400 1011 si.
413 949 446 1010 in
467 944 604 1015 solutum
624 945 709 1007 datio
731 945 811 1007 iacta
833 946 886 1021 sit,
909 944 1035 1007 aliisve.

186 1058 216 1137 §-
234 1050 325 1119 1158.
370 1049 418 1110 Ex
440 1046 598 1110 locatione
627 1051 659 1106 et
681 1046 891 1108 conductione
914 1045 1063 1107 iudicium
1085 1045 1203 1109 Praetor
1226 1047 1347 1109 condr-

143 1155 258 1235 matl),
288 1149 422 1213 locatori
445 1146 623 1210 concedens
647 1149 800 1209 actionem
831 1146 925 1209 locati
949 1146 1002 1208 vel
1033 1165 1073 1209 ex
1104 1146 1207 1210 locato
1236 1153 1346 1210 contra

144 1253 378 1326 conductorem,
400 1254 435 1309 ut
458 1249 488 1309 ei
513 1263 636 1309 merces
657 1249 827 1310 constituto
853 1252 995 1327 tempore
1015 1247 1168 1324 solvatur,
1193 1254 1229 1310 nt
1245 1254 1278 1309 ct
1293 1266 1346 1311 res

146 1354 188 1438 (si
211 1370 273 1432 qua
298 1350 400 1413 locata
422 1349 477 1434 sit)
501 1348 587 1409 linito
610 1352 773 1410 contractu
800 1348 985 1410 restituatur
1012 1353 1044 1410 et
1064 1347 1157 1409 dolus
1180 1349 1346 1429 omnisque

146 1454 237 1534 culpa
259 1447 769 1536 5111111116.893.-894.)1);
792 1448 938 1510 conducti
960 1450 1041 1511 actio
1063 1466 1142 1511 uero
1158 1450 1345 1513 conductori

144 1553 236 1616 datur
259 1554 366 1612 contra
390 1549 571 1623 locatorem,
595 1548 623 1608 si
647 1549 675 1608 ei
697 1565 787 1608 usum
811 1549 859 1610 rei
881 1548 1053 1625 conductas,
1076 1548 1129 1611 vel
1151 1567 1265 1630 operas
1280 1568 1344 1612 non

145 1652 309 1734 prestitit,
341 1651 414 1712 item
440 1649 478 1711 ad
501 1648 901 1729 refundendasimpeusas
926 1651 1124 1713 necessarias
1146 1650 1306 1732 utilesque
1327 1671 1344 1714 a

147 1752 340 1816 conductore
370 1749 487 1826 factas,
517 1767 661 1812 necnon
685 1749 724 1811 ad
746 1749 982 1812 resarciendum
1013 1750 1156 1813 damnum
1184 1751 1259 1814 dolo
1291 1751 1345 1814 vel

146 1851 238 1932 culpa
261 1851 362 1931 ipsius
385 1850 489 1912 datum
514 1851 561 1934 (ξ.
575 1849 661 1935 895.)
693 1850 718 1936 ).

187 1955 218 2034 ς.
233 1952 324 2018 1159.
369 1951 417 2013 Ex
441 1952 592 2013 societate
613 1951 730 2013 Praetor
755 1952 904 2014 iudicium
935 1968 993 2032 pro
1024 1951 1111 2014 socio
1141 1950 1194 2012 dat
1223 1950 1263 2013 dc
1295 1969 1345 2029 eo,

149 2052 232 2134 quod
255 2052 409 2115 communi
426 2052 550 2114 nomine
565 2057 688 2134 gestum
705 2069 778 2114 esse
793 2053 917 2114 dicetur
929 2053 969 2139 6).
1004 2051 1158 2133 Competit
1171 2051 1239 2114 hac
1252 2054 1347 2129 actio,

145 2155 184 2218 ub
207 2159 340 2233 utraque
365 2159 454 2234 parte
472 2153 603 2229 directa,
626 2155 714 2216 socio
733 2159 841 2216 contra
856 2155 988 2230 socium,
1012 2158 1046 2213 ut
1062 2157 1196 2234 cogatur
1209 2152 1249 2214 ad
1266 2171 1348 2215 eon-

147 2254 277 2318 ferenda
300 2254 381 2316 bona
402 2255 586 2331 communia,
609 2254 647 2317 ad
661 2253 782 2317 lucrum
797 2255 1097 2332 communicandum,
1121 2252 1174 2317 vel
1189 2255 1348 2334 impensas

146 2354 386 2430 resarciendas,
416 2354 690 2435 praestandumque
720 2355 863 2418 damnum
887 2354 979 2436 culpa
1003 2373 1062 2418 sua
1082 2354 1178 2418 rebus
1204 2373 1349 2418 commu-

146 2455 239 2519 nibus
260 2455 380 2517 illatum
393 2455 430 2541 ²).
475 2455 560 2518 Reus
583 2454 773 2518 insolidum
797 2456 999 2518 condemnari
1022 2474 1085 2519 non
1109 2455 1214 2532 debet,
1235 2456 1294 2520 sed
1316 2457 1350 2520 in

148 2555 192 2631 id,
217 2555 301 2637 quod
324 2561 465 2635 tempore
491 2557 540 2618 roi
561 2556 735 2619 iudicandae
757 2559 864 2619 facere
882 2561 997 2636 potest,
1020 2557 1048 2619 si
1069 2575 1128 2618 nec
1148 2558 1180 2618 in
1196 2555 1272 2621 dolo
1288 2575 1351 2619 uec

146 2662 178 2724 in
201 2658 314 2722 latiore
336 2655 429 2736 culpa
454 2663 541 2731 erat;
563 2659 624 2719 hoc
646 2659 728 2719 enirn
752 2657 783 2718 in
808 2674 884 2719 casu
907 2657 1033 2720 infamia
1057 2662 1184 2720 notatur
1196 2656 1239 2740 1).

189 2757 327 2842 §.1166
370 2756 417 2819 De
443 2775 481 2820 eo
503 2757 661 2837 denique,
686 2756 771 2836 quod
797 2759 867 2836 quis
887 2757 1053 2820 mandasse
1076 2762 1109 2818 et
1130 2755 1212 2820 alter
1233 2772 1351 2819 susce-

147 2861 234 2942 pisse
255 2858 389 2934 dicetur,
413 2857 562 2921 iudicium
586 2858 690 2921 edicto
715 2857 853 2921 firmatur
866 2857 906 2946 ⁹),
931 2863 963 2920 ct
983 2857 1101 2921 directa
1117 2855 1244 2938 quidem
1257 2874 1352 2918 man-

147 2960 211 3026 dati
233 2959 314 3020 actio
337 2957 429 3020 datur
449 2959 607 3020 mandanti
629 2964 737 3021 contra
762 2964 1010 3039 procuratorem,
1032 2957 1071 3021 ad
1092 2942 1257 3040 uessotium
1273 2973 1353 3020 sus-

150 3063 273 3139 ceptum
286 3057 509 3139 perficiendum
528 3065 561 3122 et
574 3077 652 3135 rem,
678 3077 769 3140 quam
785 3060 921 3122 mandati
935 3060 1062 3124 nomine
1076 3058 1258 3139 acquisivit,
1281 3075 1353 3125 cum

149 3159 233 3222 omui
255 3157 359 3221 fructu
382 3160 607 3223 restituendam
630 3166 683 3221 aut
704 3159 927 3241 praestandum,
949 3160 1034 3241 quod
1054 3159 1230 3223 mandantis
1246 3159 1354 3224 int'er-

151 3259 261 3344 est10).
286 3258 383 3322 Etiam
406 3261 438 3321 iu
460 3261 519 3323 hac
542 3264 664 3324 actione
680 3263 918 3325 existimationis
931 3249 1233 3346 periculum'est11).
1264 3261 1354 3324 Con-

233 3533 277 3584 Fr.
298 3531 340 3586 29.
362 3531 385 3592 §-
403 3530 428 3584 2.
447 3534 479 3584 11.
499 3530 542 3585 53.
561 3531 585 3593 ἓ.
606 3530 632 3584 3.
650 3533 684 3585 D.
703 3533 764 3585 eod
782 3535 814 3585 11.
830 3530 875 3586 49.
893 3533 927 3585 D.
946 3530 1003 3599 5,1
1026 3532 1075 3602 (do
1091 3534 1220 3605 iudiciis).

231 3605 259 3655 0.
278 3602 306 3668 4,
325 3603 368 3658 29.
389 3604 418 3657 0.
438 3604 499 3656 eod.

180 3745 210 3810 4)
229 3747 272 3799 Fr.
293 3745 335 3802 13.
359 3746 381 3806 ἓ.
400 3746 425 3799 9.
444 3749 477 3799 11.
494 3745 536 3799 22.
554 3754 593 3813 pr.
608 3749 639 3798 11.
659 3743 702 3798 27.
721 3744 746 3804 §-
766 3744 790 3796 1.
807 3746 839 3796 11.
852 3743 897 3799 31.
917 3745 960 3800 39.
979 3748 1014 3799 D.

183 3815 209 3884 5)
230 3813 274 3868 Fr.
296 3815 338 3871 15.
357 3835 397 3890 pr.
417 3817 440 3877 3.
459 3817 484 3869 1.
505 3817 580 3870 211.
603 3816 644 3870 19.
665 3817 688 3876 3.
698 3815 724 3868 4.
742 3815 767 3868 6.
786 3815 811 3868 8.
831 3816 917 3870 1122.
938 3818 960 3878 ἐ.
968 3817 993 3869 2.
1013 3821 1044 3871 11.
1052 3817 1095 3871 38.
1114 3835 1154 3886 pr.
1173 3821 1205 3872 11.
1225 3819 1269 3875 55.
1288 3824 1313 3889 5.
1329 3824 1354 3878 1.

146 3892 180 3942 D.
204 3889 266 3942 eod.
302 3891 335 3941 Iu
353 3889 441 3956 operis
461 3889 643 3942 conductione
660 3889 767 3941 inverso
786 3888 880 3940 ordine
899 3891 1019 3945 actiones
1040 3897 1180 3944 vocentur.

181 3959 210 4027 6)
229 3961 272 4011 ur.
293 3958 317 4010 1.
335 3957 361 4011 3.
379 3958 403 4010 5.
424 3958 466 4012 29.
487 3959 530 4014 32.
549 3963 583 4013 D.
603 3957 648 4024 17,
665 3961 681 4015 2
704 3959 762 4025 (pro
781 3956 874 4025 socio).
893 3961 961 4012 Ood.
978 3959 1005 4024 4,
1024 3958 1059 4014 37
1081 3960 1155 4028 (eod.
1176 3960 1239 4030 111).

180 4029 209 4097 7)
228 4032 272 4082 Fr.
291 4028 334 4082 35.
354 4029 397 4082 52.
417 4029 440 4090 §-
460 4031 485 4084 2.
506 4031 531 4084 3.
550 4029 575 4084 4.
596 4030 639 4084 10.
658 4031 700 4084 15.
719 4031 751 4086 11.
771 4027 813 4083 72.
832 4033 866 4082 D.
885 4033 945 4084 eod.

180 4100 209 4170 8)
227 4104 270 4157 Fr.
288 4100 331 4155 63.
349 4119 388 4171 pr.
408 4101 431 4161 6.
449 4101 473 4153 6.
492 4104 526 4156 D.
546 4102 607 4156 eod.
626 4101 649 4162 ἓ.
659 4101 703 4158 38.
720 4103 741 4154 Ι.
761 4101 825 4166 4,6
848 4101 897 4169 (de
916 4098 1061 4166 eudonio).
1079 4100 1102 4161 ἓ.
1113 4102 1138 4155 2.
1157 4105 1179 4155 Ι.
1198 4100 1225 4168 4,
1248 4105 1283 4158 16
1301 4105 1353 4174 (de

146 4176 229 4242 poenis
246 4179 347 4260 temere
364 4169 498 4240 litigant).
515 4176 546 4260 fr.
568 4172 592 4225 6.
613 4173 635 4232 §-
657 4176 704 4226 ult.
724 4175 757 4224 Ι).
768 4172 794 4236 3,
812 4171 829 4224 2
848 4171 896 4239 (de
915 4175 958 4228 hie
976 4176 1021 4242 qui
1038 4179 1164 4262 notentur
1181 4174 1317 4244 neemia).

144 4240 364 4368 ἡ9)2111Ις).ὲέἷί
376 4245 390 4297 1
411 4243 546 4310 (mandeti
564 4246 609 4299 uel
629 4241 743 4310 eontra).
765 4244 832 4296 uod.
850 4244 878 4310 4,
895 4243 931 4296 35
950 4243 1023 4312 (eod.
1041 4241 1101 4312 tit).
1128 4246 1160 4296 V.
1178 4249 1211 4299 11.
1233 4246 1259 4300 1.
1281 4249 1305 4312 i.
1328 4250 1353 4304 1.

163 4381 210 4450 10)
229 4387 273 4437 Fr.
293 4384 318 4438 5.
338 4385 361 4445 1.
380 4383 456 4439 1.11.
475 4385 500 4438 6.
519 4384 542 4446 i.
565 4383 589 4435 1.
611 4384 645 4434 D.
665 4386 691 4438 h.
710 4391 729 4437 t.
749 4402 771 4438 a.
796 4384 840 4450 13,
858 4385 900 4439 21.
923 4386 953 4438 0.
973 4386 1035 4439 eod.

79 4476 92 4485 ⁷
164 4452 211 4522 11)
231 4456 275 4508 Fr.
295 4454 320 4509 6.
340 4455 364 4517 5.
382 4455 408 4508 6.
427 4457 461 4511 D.
482 4455 508 4522 3,
526 4453 543 4508 2
563 4453 613 4522 (tit.
633 4453 697 4524 alt).
717 4455 741 4520 §-
764 4455 790 4510 2.
807 4459 828 4510 Ι.
848 4458 885 4527 tit
905 4458 948 4511 eit.
973 4455 1077 4511 (11114.
1096 4455 1120 4518 1.
1139 4454 1202 4513 182.
