2804 4966
510 336 631 378 orosam.
653 292 719 375 aaa]
734 338 753 374 r.
770 338 829 376 cnr.
841 339 883 374 ιιι.
1251 330 1305 385 117

96 473 220 531 trorum
241 465 493 554 aediliciorum1).
538 465 623 530 Inter
647 466 726 531 banc
757 473 788 530 et
817 468 1003 531 servitutem
1031 477 1218 552 prospectus
1242 471 1302 534 boc

96 568 243 643 interest,
267 568 352 648 quod
373 570 406 630 in
426 574 597 650 prospectu
620 568 692 650 plus
718 572 788 648 quis
812 569 917 646 babet,
941 587 981 632 ne
1004 571 1080 650 quid
1102 572 1299 635 eiolliciatur

97 666 137 730 ad
163 669 336 751 gratiorem
361 675 563 751 prospectum
584 675 616 733 et
638 672 671 732 in
693 670 844 733 liberum:
869 672 900 732 in
927 671 1095 734 luminibus
1116 679 1218 736 autem
1239 691 1301 736 non

98 767 241 846 officere,
263 788 303 832 ne
326 771 442 832 lumina
465 771 649 851 cuiusquam
665 771 850 835 obscuriora
865 770 949 835 fiant.
982 771 1209 854 Quodcumque
1222 791 1300 855 ergo

96 869 153 932 liat
175 867 215 932 ad
239 868 367 932 luminis
389 871 653 953 impedimentum,
681 873 842 954 prohiberi
863 872 1016 959 potestl).
1050 872 1157 937 Simile
1180 875 1229 936 ius
1253 881 1302 936 cst

96 970 239 1033 servitus
267 969 362 1032 altius
391 988 453 1035 non
478 971 632 1049 tollendi,
666 991 726 1052 qua
756 974 879 1035 vicinus
911 974 943 1035 in
971 979 1109 1036 nostram
1136 974 1300 1036 utilitatem

96 1071 185 1134 cedes
208 1087 283 1133 suas
305 1070 400 1133 altius
424 1071 538 1136 tollere
555 1072 795 1162 prohibetur5).
841 1073 986 1147 Quaenam
1008 1079 1110 1136 autem
1139 1075 1180 1134 sit
1208 1072 1302 1136 altius

99 1170 236 1237 tollendi
249 1172 401 1248 servitus,
416 1173 498 1236 inter
512 1173 754 1237 iurisconsultos
768 1176 892 1237 minime
910 1175 1070 1250 convenit,
1087 1191 1157 1235 cum
1172 1179 1303 1254 propter

95 1273 275 1338 naturalem
299 1273 428 1337 edificia
457 1281 565 1338 nostra
587 1274 681 1337 altius
704 1276 836 1339 tollendi
859 1276 1052 1352 libertatem,
1084 1277 1138 1337 vix
1167 1276 1301 1357 cogitari

96 1379 201 1458 possit
223 1375 396 1437 necessitas
417 1377 554 1457 propriae
583 1377 759 1452 servitutis,
783 1393 842 1455 qua
865 1376 989 1438 demum
1011 1375 1105 1437 altius
1129 1373 1301 1436 aedificandi

96 1482 288 1561 potestatem
310 1475 559 1562 acquiramus4).
582 1477 726 1539 Attamen
748 1494 811 1538 non
832 1476 953 1538 inutilis
977 1494 1049 1538 esse
1074 1475 1199 1537 videtur
1214 1476 1303 1537 eius-

95 1578 185 1642 modi
214 1577 353 1639 servitus
376 1582 484 1639 contra
508 1579 710 1653 servitutem,
735 1596 775 1640 ne
796 1578 964 1640 luminibus
988 1582 1040 1639 aut
1062 1595 1102 1639 ne
1123 1577 1305 1657 prospectui

96 1678 276 1753 officiatur,
308 1678 413 1739 vicino
436 1695 630 1742 concessam.
675 1678 750 1741 Nam
775 1696 844 1740 curn
870 1679 940 1740 iure
963 1677 1090 1739 dominii
1120 1676 1213 1738 altius
1240 1676 1305 1738 toi-

96 1779 171 1841 lere
197 1794 260 1841 non
289 1780 446 1859 possimus
471 1778 510 1840 ob
531 1781 581 1840 ius
605 1780 711 1855 vicini,
738 1778 822 1859 quod
845 1779 1007 1840 remittere
1029 1794 1092 1839 non
1116 1776 1204 1852 velit,
1227 1795 1305 1857 pro-

97 1879 170 1960 pria
192 1878 347 1940 servitute
363 1878 455 1940 nobis
470 1897 550 1959 opus
577 1886 626 1941 est
647 1877 741 1942 allius
763 1879 907 1941 tollendi.

141 1982 174 2061 ξ.
185 1978 259 2041 414.
303 1976 492 2042 Proediorum
515 1979 653 2059 denique
674 1980 865 2043 urbanorum
886 1984 958 2040 sunl
977 1979 1116 2040 servitus
1139 1979 1302 2040 foraminis

96 2081 130 2143 in
155 2080 361 2160 imopariete
384 2079 543 2142 conclavis
565 2080 618 2142 vel
642 2080 782 2156 triclivii,
808 2079 977 2160 proluendi
1000 2079 1170 2159 pavimenti
1194 2094 1301 2153 causa,

96 2180 127 2242 si
150 2178 245 2241 modo
267 2181 301 2240 in
326 2196 395 2241 eum
415 2178 518 2241 locum
540 2179 660 2261 aliquid
684 2199 723 2242 ex
746 2181 826 2243 coelo
848 2198 937 2259 aquae
967 2179 1134 2264 veniat⁶);
1170 2176 1302 2253 latrinae,

97 2278 236 2355 cloacae,
270 2296 332 2358 qua
354 2280 478 2341 vicinus
500 2280 611 2342 sordes
635 2286 667 2343 et
689 2272 862 2343 colluvium
884 2287 1062 2342 nostrarum
1085 2278 1195 2341 aedium
1217 2280 1303 2340 reci-

96 2398 177 2461 pere
194 2381 322 2462 cogitur
334 2382 374 2468 ⁶),
393 2381 532 2443 cuniculi
546 2382 697 2445 balnearii
714 2383 859 2459 habendi,
884 2384 956 2444 item
976 2382 1050 2444 lumi
1066 2379 1250 2443 immittendi
1264 2379 1301 2465 ⁷),

99 2499 214 2563 aquam
239 2479 418 2544 effundendi
441 2481 494 2544 vel
515 2483 601 2545 aliud
625 2485 700 2565 quid
722 2483 863 2547 mittendi
887 2484 918 2544 in
933 2481 1204 2563 praediumvicini,
1228 2481 1301 2542 item

100 2583 238 2664 positum
262 2582 380 2662 aliquid
404 2584 435 2645 in
459 2602 498 2645 eo
520 2584 654 2647 habendi
667 2587 707 2672 ⁸),
731 2585 924 2664 similesque,
948 2599 1017 2662 quae
1037 2601 1076 2644 ex
1097 2582 1175 2661 ipsis
1198 2581 1306 2642 verbis

102 2702 166 2746 noo
188 2682 359 2746 difficulter
380 2683 614 2768 intelliguntur.

142 2787 174 2866 ᾖ.
185 2784 261 2849 415.
305 2783 484 2846 Servitules
504 2785 691 2865 praediorum
706 2791 837 2866 possunt
852 2785 944 2848 etiam
959 2785 1011 2845 uni
1030 2788 1146 2846 tantum
1161 2800 1305 2864 personae

106 2884 275 2947 constitui:
298 2901 360 2964 quo
383 2885 476 2961 lacto,
499 2886 581 2948 sicut
600 2892 722 2949 caeterae
735 2903 940 2967 personarum
957 2885 1141 2959 servitutes,
1164 2901 1232 2946 cum
1252 2884 1304 2962 ip-

108 2987 170 3049 sius
192 2992 295 3050 morte
315 2989 612 3076 exstinguuntur9).

139 3226 168 3295 1)
187 3230 232 3280 Fr.
251 3225 278 3278 4.
297 3232 324 3280 et
342 3227 383 3283 17.
400 3233 433 3283 D.
453 3227 514 3281 eod.
532 3231 563 3281 fr.
582 3229 624 3283 23.
644 3234 704 3284 eod.
804 3227 833 3293 2)
853 3229 895 3279 Fr.
914 3227 956 3280 15.
980 3226 1009 3279 D.
1029 3230 1093 3293 int.

138 3300 156 3354 3
187 3300 211 3359 §-
230 3298 255 3351 2.
273 3299 293 3349 Ι.
312 3298 338 3352 h.
353 3306 372 3352 t.
390 3301 413 3362 ἓ.
432 3302 458 3354 2.
476 3303 497 3353 I.
512 3301 540 3365 4,
557 3300 574 3354 6
591 3303 639 3369 (de
658 3303 730 3370 oct).
748 3306 780 3356 ir.
801 3303 825 3355 2.
848 3298 877 3350 D.
897 3299 958 3364 8,2
980 3300 1018 3366 (h.
1038 3300 1079 3365 t).

137 3372 156 3425 4
186 3372 277 3438 Vulgo
296 3372 375 3425 altius
394 3374 508 3426 tollendi
526 3377 638 3428 servitos
653 3377 770 3428 creditur
788 3388 846 3426 esse
864 3374 906 3424 ius
924 3373 994 3424 ultra
1013 3373 1159 3438 legitimam
1179 3371 1302 3423 aedificio-

104 3458 162 3495 rum
181 3442 350 3495 altitudinem
368 3446 526 3499 aedificandi.
563 3448 605 3498 An
622 3465 686 3500 vero
704 3449 745 3499 ius
764 3447 901 3513 publicum
923 3444 1095 3496 aedificiorum
1112 3445 1197 3510 poetis
1216 3444 1304 3508 privu-

104 3520 193 3569 torum
211 3515 310 3565 mutari
326 3519 434 3582 potest?
470 3519 622 3572 Proaoount
639 3521 795 3586 interpretes
814 3516 850 3566 od
862 3528 892 3567 ·c.
904 3514 946 3568 12.
966 3514 989 3576 ἓ.
1000 3515 1023 3566 1.
1045 3513 1157 3578 0.8,10
1176 3514 1224 3579 (de
1242 3514 1303 3564 edi·

98 3588 171 3642 flaua
188 3584 322 3654 privatis).

139 3656 168 3725 5)
185 3657 230 3709 Fr.
249 3652 292 3708 28.
313 3654 343 3709 D.
362 3659 389 3709 b.
408 3664 426 3710 t.

139 3728 172 3796 6)
185 3729 231 3779 Fr.
249 3724 275 3778 7.
297 3725 327 3780 ὓ.
344 3727 371 3792 8,
390 3730 404 3781 1
427 3728 475 3795 (de
491 3729 601 3796 servit).
617 3735 648 3783 fr.
669 3730 693 3782 1.
714 3730 736 3790 ἓ.
754 3727 780 3780 4.
800 3727 832 3778 D.
852 3726 897 3791 43,
916 3725 950 3779 23
969 3724 1018 3794 (de
1037 3724 1158 3792 cloacis).

123 3798 169 3868 ’7)
186 3801 231 3851 Fr.
247 3794 273 3849 8.
294 3795 326 3851 D.
346 3797 372 3864 8,
392 3797 409 3852 5
428 3799 462 3866 (ai
481 3804 594 3855 seruitus
612 3800 705 3866 vind).

139 3869 169 3937 8)
189 3871 233 3922 Fr.
253 3866 297 3922 17.
316 3872 339 3933 ἐ.
359 3871 383 3923 1.
406 3870 436 3923 D.
457 3874 518 3925 eod.

140 3940 170 4008 a)
190 3943 221 3993 r.
239 3937 265 3993 4.
285 3940 311 3994 a.
328 3961 368 4010 pr.
387 3945 417 3996 n.
435 3940 478 3996 37.
500 3943 529 3995 o.
547 3944 574 4008 a,
591 3943 608 3996 3
626 3941 674 4008 (aa
691 3943 719 3996 s.
742 3944 771 3994 u.
791 3939 844 4006 o).
863 3944 894 3992 fr.
914 3940 939 3992 6.
962 3938 991 3991 ⁰.
1011 3939 1091 4002 33.3
1113 3938 1160 4003 (de
1179 3953 1246 3991 serv·
1267 3938 1304 3987 10·

95 4012 191 4077 gato).
209 4015 241 4064 ir.
260 4010 302 4065 14.
322 4015 345 4074 §-
364 4013 390 4066 3.
415 4012 444 4064 ί).
462 4015 511 4080 34,
530 4014 545 4066 1
564 4014 611 4080 (de
631 4015 763 4066 alimentis
784 4019 810 4064 et
827 4013 878 4064 cib.
898 4011 1014 4078 legatia).
1051 4013 1123 4063 Finis
1141 4010 1218 4061 huius
1235 4011 1305 4073 trag·
1355 4049 1369 4069 ,

95 4087 187 4138 menti
204 4086 244 4137 ita
270 4085 402 4152 legendus
426 4092 480 4138 est:
504 4103 567 4140 nam
596 4092 622 4138 et
639 4089 752 4139 haustus
771 4101 848 4152 aque
866 4090 895 4134 ut
912 4086 1014 4150 pecoris
1039 4084 1076 4134 ad
1095 4097 1193 4151 aquom
1212 4080 1304 4146 appul-

97 4166 154 4272 iae
172 4161 214 4272 pat
232 4158 362 4223 cerritum
387 4173 506 4224 persono
523 4165 613 4210 temen
634 4159 706 4221 eius,
725 4157 771 4226 qui
789 4157 890 4208 ricinus
908 4171 963 4207 non
982 4162 1031 4216 eet,
1048 4169 1103 4205 non
1121 4152 1248 4205 inutiliter
1265 4165 1305 4200 re-

115 4226 179 4272 'nnu
188 4233 239 4272 tur.
