2798 4972
126 301 180 358 208
272 320 279 327 ’
441 309 641 350 rnerrrurronm
661 310 735 350 ruam
754 311 858 349 nonani
877 311 997 350 nrum.

131 444 253 525 gatario
276 443 508 527 prestiterit1).
552 443 697 522 Denique
717 441 854 505 Falcidia
884 448 987 506 cessat
1014 443 1045 504 in
1066 442 1182 525 legatis
1205 442 1244 505 ad
1265 444 1334 526 pias

130 561 241 606 causas
263 541 383 605 relictis
405 549 435 604 et
457 541 643 623 quibusdam
666 542 737 604 aliis
746 543 786 629 8).

258 745 325 798 TIT.
345 747 391 799 VI.
427 746 476 796 DE
492 742 846 797 FIDEIOOMMISSARIIS
866 743 1160 798 HEREDITATIBUS
1172 741 1206 811 ¹).

173 896 288 978 §.wll
332 895 405 958 Haec
430 898 531 959 omnia
564 896 689 976 quidem
722 896 804 958 dicta
834 901 907 957 sunt
935 896 974 958 de
1006 896 1120 979 legatis
1152 894 1205 958 vel
1234 896 1335 957 rebus

131 997 267 1079 singulis
291 1015 348 1077 per
370 997 642 1059 fideicommissum
663 996 802 1070 relictis;
830 996 885 1058 sed
909 1001 1076 1059 testatores
1091 999 1182 1060 etiam
1196 996 1336 1059 heredes

133 1117 250 1181 rogare
272 1102 415 1178 possunt,
439 1103 472 1157 ut
495 1102 589 1159 totam
611 1096 828 1172 hereditatem,
852 1096 904 1159 vel
928 1103 1046 1176 partem
1063 1099 1132 1160 eius
1150 1097 1246 1160 alicui
1261 1116 1337 1161 res-

130 1196 260 1273 tituant3
285 1199 338 1278 qui
363 1204 435 1277 post
456 1197 565 1259 saetam
589 1198 821 1259 restitutionem
844 1200 938 1260 heres
960 1198 1111 1276 efficitur,
1141 1199 1282 1279 ideoque
1304 1201 1336 1262 in

132 1319 223 1363 omne
246 1301 295 1361 ius
315 1297 455 1360 defuncti
476 1298 629 1376 succedit,
654 1299 787 1378 eiusque
801 1317 966 1378 personam
988 1300 1123 1362 sustinet
1136 1319 1199 1362 non
1219 1292 1336 1364 minus,
1391 1346 1395 1350 -

133 1419 169 1464 ao
193 1399 373 1461 fiduciarius
396 1397 490 1460 heres
516 1404 587 1460 ante
613 1399 853 1460 restitutionem.

173 1506 202 1583 ξ.
219 1502 290 1565 130.
334 1500 473 1580 Antiquo
497 1502 566 1563 iure
589 1500 658 1563 talis
682 1501 988 1564 fideicommissarius
1014 1502 1141 1565 heredis
1170 1503 1241 1566 loco
1272 1495 1337 1566 non

36 1590 43 1599 ’
132 1607 209 1678 erat,
233 1600 289 1663 sed
309 1606 381 1683 post
394 1601 624 1663 restitutionem
644 1601 828 1664 hereditatis
847 1607 882 1663 ut
899 1601 1071 1684 legatarius
1088 1605 1258 1684 partiarius
1274 1604 1335 1667 ba-

128 1703 270 1765 bebatur.
314 1702 594 1765 Senatusconsulto
627 1703 750 1766 domum
781 1703 980 1767 Trebelliano
1010 1711 1133 1766 cautum
1161 1712 1229 1784 est,
1265 1707 1333 1794 (an.

133 1823 164 1867 u.
190 1824 217 1866 c.
241 1804 312 1868 814.
337 1804 395 1865 sub
421 1803 561 1890 Nerone)
588 1810 623 1865 ut
645 1806 784 1867 actiones
809 1807 953 1867 restituta
980 1805 1156 1868 hereditate
1167 1806 1195 1889 ⁴)
1226 1812 1338 1869 contra

81 1890 86 1899 ’
133 1905 457 1967 fideicommissarium
487 1905 648 1966 darentur.
692 1906 753 1968 Sed
777 1923 846 1966 cum
868 1904 1072 1968 nihilominus
1095 1906 1251 1984 heredes,
1284 1908 1338 1989 qui

133 2008 236 2089 rogati
262 2011 351 2068 erant
374 2005 580 2067 hereditatem
605 2008 795 2084 restituere,
825 2007 852 2069 si
876 2006 928 2068 vel
952 2006 1069 2068 nullum
1100 2007 1152 2068 vel
1177 2008 1338 2070 minimum

134 2113 251 2170 tantum
280 2107 401 2170 lucrum
433 2108 636 2185 habuissent,
668 2125 752 2190 saepe
780 2113 967 2171 recusarent
999 2108 1086 2170 adire
1116 2108 1337 2193 hereditatem,

134 2208 448 2275 Senatusconsultum
469 2209 675 2291 Pegasianum
699 2215 864 2286 successit,
887 2210 970 2291 quod
991 2211 1110 2288 statuit,
1132 2215 1167 2271 ut
1181 2211 1210 2273 si
1225 2209 1338 2273 heredi

134 2313 306 2374 restituere
330 2319 460 2396 rogato,
492 2319 603 2392 quarta
629 2331 702 2393 pars
725 2313 824 2375 libera
847 2331 908 2374 non
932 2318 1033 2390 esset,
1063 2313 1091 2374 is
1114 2331 1200 2390 eam,
1231 2312 1278 2374 uti
1299 2329 1338 2374 ex

134 2412 209 2496 lege
233 2412 391 2490 Falcidia,
424 2414 565 2475 retinere
591 2432 630 2475 ex
659 2414 833 2476 hereditate
859 2419 987 2494 posset,
1020 2414 1052 2475 in
1078 2412 1236 2477 eiusmodi
1260 2430 1337 2476 vero

135 2530 221 2589 casu,
241 2514 295 2575 ubi
315 2531 377 2575 non
399 2513 583 2594 simpliciter
606 2532 646 2576 ex
668 2515 948 2577 Senatusconsulto
971 2511 1172 2578 Trebelliano
1195 2518 1262 2577 tota
1278 2513 1336 2576 he-

134 2614 265 2690 reditas,
288 2620 432 2695 quantam
454 2615 548 2676 heres
570 2617 742 2677 restituere
761 2621 891 2697 rogatus
913 2626 989 2692 erat,
1014 2617 1255 2694 restituebatur,
1277 2617 1345 2679 sti-·

135 2715 312 2797 putationes
333 2716 431 2794 partis
456 2720 487 2775 et
509 2731 566 2794 pro
588 2721 677 2794 parte
698 2715 782 2776 inter
805 2714 1000 2777 fiduciarium
1023 2720 1055 2778 et
1076 2714 1336 2779 fideicommissa-

135 2818 216 2879 rium
238 2814 538 2895 interponebantur,
572 2815 747 2878 actionibus
770 2820 879 2877 contra
901 2815 988 2877 illum
1010 2821 1128 2878 tantum
1152 2821 1336 2898 competen-

134 2919 231 2994 tibus,
257 2934 326 2979 cum
352 2917 403 2978 hic
426 2916 571 2999 legatarii
594 2915 665 2980 loco
689 2912 915 3003 haberetnr⁶).
960 2916 1044 2979 ldcm
1069 2916 1337 2981 senatusconsul-

135 3024 201 3079 tum
223 3018 391 3098 praecepit,
423 3022 456 3077 ut
477 3018 571 3078 heros
594 3034 719 3098 semper
741 3017 910 3080 adstrictus
935 3022 1021 3079 essct
1043 3015 1081 3079 ad
1104 3017 1336 3100 suscipiendam

136 3118 359 3194 hereditatem,
383 3134 474 3197 quam
496 3119 665 3181 restituere
689 3124 756 3181 erat
777 3123 928 3201 rogatus,
959 3124 1077 3199 utque,
1107 3119 1136 3180 si
1159 3137 1228 3183 eam
1250 3117 1337 3199 quasi

136 3217 313 3282 damnosam
335 3219 423 3281 adire
447 3219 602 3295 noluerit,
624 3219 760 3295 Praetor,
782 3224 908 3299 petente
931 3218 1245 3295 fideicommissario,
1268 3234 1337 3281 eum

136 3337 254 3402 cogere
277 3318 419 3395 deberet,
442 3319 479 3380 ad
503 3338 568 3381 eam
592 3319 823 3399 suscipiendam
851 3324 882 3381 et
906 3324 1000 3381 totam
1023 3317 1263 3396 restituendam,
1285 3319 1338 3393 ita,

137 3425 171 3481 ut
192 3420 222 3482 ei
236 3425 267 3481 et
287 3421 319 3482 in
338 3438 420 3495 eum,
444 3421 501 3498 qui
512 3420 670 3500 reciperet
683 3420 901 3496 hereditatem,
924 3421 1064 3481 actiones
1077 3418 1242 3496 darentur,
1263 3436 1338 3500 per-

136 3520 210 3583 inde
232 3527 327 3600 atque
347 3522 374 3582 si
396 3539 435 3582 cx
448 3519 648 3582 Trebelliano
666 3519 947 3584 Senatusconsulto
961 3539 996 3582 ea
1009 3520 1156 3581 restituta
1172 3517 1337 3605 fuissem).

179 3625 209 3706 ξ.
225 3622 296 3686 131.
341 3621 532 3685 iustinianus
556 3622 616 3684 hoc
639 3622 688 3685 ius
711 3639 819 3697 omne,
850 3621 982 3701 exploso
1002 3620 1167 3703 Pegasiani
1190 3623 1339 3683 senatus³

139 3719 276 3783 consulti
300 3712 444 3798 nomine,
476 3722 654 3784 auctoritati
676 3720 867 3785 Trebelliani
891 3718 1164 3785 senatusconsulti
1187 3717 1339 3783 attribuit,

94 3937 1025 4098 Ἰ1)(’1463715011211(11.1....919()οο(111(>((....153

224 4047 292 4098 Nou.
312 4043 326 4095 1
348 4043 360 4095 l

174 4043 243 4183 551
262 4116 287 4182 2,
308 4115 343 4168 23
361 4115 407 4181 (de
426 4043 653 4167 duetoommissar.
673 4108 836 4177 hereditat..)
859 4110 919 4164 Gai
938 4109 962 4162 2.
983 4109 1006 4169 5.
1024 4106 1084 4161 247.
1103 4125 1159 4179 seq.
1177 4109 1239 4177 Dig.
1258 4105 1340 4173 352

137 4194 166 4246 O
185 4190 210 4253 6,
230 4188 265 4243 49
283 4189 330 4256 (de
349 4188 446 4240 SCtum
466 4184 685 4251 Trebellianum).
705 4203 728 4238 c.
752 4185 829 4250 Vonp
831 4199 900 4235 eroco
923 4181 961 4242 55.
982 4178 1067 4234 565-
1071 4127 1151 4234 568(l

172 4261 202 4330 4)
221 4261 378 4313 deauratius
397 4261 454 4310 haeo
472 4263 630 4310 enarrantur
649 4258 722 4325 apud
742 4256 836 4309 datu
852 4251 946 4315 §..253
966 4250 1027 4313 54.
1046 4253 1067 4305 Ι.
1086 4254 1113 4304 h.
1133 4258 1152 4306 t.
1174 4257 1202 4306 et
1218 4251 1246 4305 ln
1266 4251 1340 4306 dono

138 4339 282 4389 moratoriae
301 4336 403 4386 meast.
425 4330 488 4397 3p
491 4326 576 4381 ..508
596 4344 649 4397 seq.

172 4405 201 4470 5)
223 4405 281 4458 Gai.
301 4405 325 4458 2.
347 4402 369 4463 5.
389 4400 449 4455 254.
470 4401 532 4468 Uip.
550 4400 649 4451 XXVI.
668 4397 710 4451 15.
732 4397 755 4458 5.
774 4394 799 4450 5.
818 4395 917 4449 Leon

173 4473 246 4542 )65.
266 4476 291 4529 6.
310 4475 328 4527 1.
348 4474 409 4528 eod.
429 4470 533 4526 (1612.
555 4468 579 4532 5.
598 4467 659 4525 255.
680 4473 776 4537 etseq
