2804 4966
563 310 643 348 arara
655 310 697 346 tn.
720 310 778 349 oar.
791 310 810 345 ι.
1230 304 1285 359 221

83 436 161 498 dem
185 453 252 499 non
277 437 379 499 solam
402 456 443 499 ex
464 457 502 501 ea
524 440 614 519 culpa
640 445 794 514 tenemur,
816 439 870 501 abi
893 439 1039 503 iaciendo
1059 443 1156 503 rebus
1178 443 1289 505 alienis

78 540 264 614 nocuimus,
285 539 344 601 sed
367 541 462 602 etiam
482 540 664 620 negligentia
696 547 804 604 nostra
836 541 875 602 ad
909 542 1054 603 damnum
1086 562 1126 604 ex
1147 563 1183 605 ea
1208 563 1288 625 pro-

78 640 201 702 leelnm
222 639 462 703 resarciendum
483 641 670 724 obligamur.
714 641 809 704 Extra
821 642 1044 724 obligationem
1068 663 1148 707 vero
1169 651 1287 707 unium

78 757 139 818 pro
160 739 288 816 damno,
311 742 394 803 lacto
415 747 526 804 nostro
548 743 631 818 dato,
655 743 798 804 adstricti
821 760 930 805 sumus
941 745 976 824 1).
1028 745 1118 807 Unde
1147 748 1175 807 si
1197 763 1287 825 qun-

78 841 176 916 ritur,
205 857 301 921 quem
324 841 427 922 cnlpae
448 843 580 924 gradum
603 844 635 905 in
656 844 763 923 aliquo
792 850 955 905 contractu
989 851 1140 925 prestare
1167 847 1287 910 debea-

79 959 163 1017 mus,
185 941 361 1004 videndum
381 948 449 1004 est:
471 960 566 1045 qaam
585 944 782 1027 diligentiam
804 962 844 1006 ex
866 964 902 1007 ea
917 944 1112 1028 obligatione
1134 946 1287 1009 adbibere

79 1042 281 1130 iubemur2).

121 1144 240 1225 §766-
286 1145 417 1226 Semper
437 1151 540 1208 autem
564 1153 719 1222 tenemur,
740 1148 769 1208 si
792 1147 867 1226 quid
892 1146 953 1208 lata
970 1162 1028 1207 sen
1050 1145 1163 1209 latiore
1183 1145 1286 1226 culpa,

82 1262 138 1306 sen
163 1245 259 1327 eulpa
281 1246 356 1308 dolo
374 1248 527 1326 proxima,
549 1249 745 1310 commissum
768 1254 816 1309 est
825 1249 871 1330 ³);
894 1249 960 1309 baee
983 1249 1065 1309 enim
1088 1248 1162 1310 dolo
1184 1250 1287 1328 aqui-

81 1352 214 1426 paratur
232 1352 266 1407 et
287 1347 415 1427 quoties
437 1347 477 1408 de
500 1346 574 1409 dolo
597 1352 758 1422 tenemur,
794 1365 834 1408 ex
867 1347 924 1409 bae
946 1347 1036 1427 culpa
1059 1364 1186 1427 quoque
1208 1365 1287 1428 pos-

86 1463 191 1508 sumus
217 1447 397 1522 conveniri,
423 1447 523 1509 veluti
544 1449 572 1508 si
594 1447 738 1510 damnum
753 1447 877 1509 luxuria
899 1449 1034 1510 alicuius
1057 1448 1171 1512 lactum
1192 1449 1289 1513 inerit

86 1547 137 1609 rel
156 1547 275 1626 supina
300 1549 479 1629 ignorantia
503 1548 554 1609 vel
578 1549 671 1611 nimia
692 1547 888 1630 negligentia
901 1548 942 1635 4).

123 1648 245 1729 §.idi
292 1648 326 1710 ln
350 1648 537 1729 quibusdam
565 1655 669 1712 antem
700 1650 947 1733 obligationibus
976 1652 1015 1714 ad
1038 1654 1187 1716 maiorem
1208 1654 1286 1717 dili-

89 1751 225 1830 gentiam
248 1751 457 1830 praestandam
480 1751 658 1834 obligamur
683 1754 703 1813 i.
723 1771 754 1825 e,
772 1757 807 1812 ut
822 1770 888 1814 eam
912 1752 1108 1834 diligentiam
1132 1754 1286 1818 adhibea-

89 1867 164 1926 nns,
186 1869 282 1932 qnam
302 1852 566 1935 diligentissimus
587 1852 810 1932 paterfamilias
830 1853 927 1914 rebus
949 1853 1284 1929 suisadbiberesolet,

90 1971 148 2032 qno
171 1971 249 2016 oasn
273 1971 333 2033 pro
355 1952 415 2013 leni
436 1953 539 2032 ealpo,
556 1952 609 2014 vel
626 1971 684 2032 pro
706 1953 829 2015 leviore
844 1953 1052 2035 negligentia,
1075 1953 1213 2035 ideoque
1226 1974 1285 2035 pro

87 2056 165 2117 onai
184 2054 280 2134 eulpa
298 2060 460 2116 tenemur:
490 2072 550 2134 qua
575 2054 615 2116 de
636 2054 830 2136 obligatione
849 2056 1067 2117 iurisconsulti
1090 2061 1210 2119 romani
1232 2057 1285 2118 di-

90 2162 162 2218 eunt
183 2157 385 2237 promiscue:
420 2154 626 2236 praestandam
648 2173 720 2217 esse
743 2161 882 2217 exactam
904 2155 957 2217 vel
980 2159 1208 2220 exactissimam
1232 2158 1285 2218 vel

89 2273 207 2321 omnem
228 2258 437 2340 diligentiam,
460 2256 623 2340 diligentis
641 2258 693 2317 vel
714 2256 947 2338 diligentissimi
968 2258 1111 2320 senboni
1133 2258 1285 2338 patrisla-

89 2359 187 2423 milias
211 2358 424 2440 diligentiam,
445 2357 498 2420 vel
518 2359 704 2438 simpliciter
726 2357 848 2437 eulpam
870 2375 944 2420 esse
968 2359 1174 2438 praestandam
1184 2359 1231 2444 5);
1253 2363 1285 2420 et

88 2462 136 2521 uti
154 2460 278 2522 llnoins
299 2462 360 2521 ait:
388 2460 420 2521 in
444 2460 535 2539 enlpa
558 2459 674 2537 aliquis
696 2464 766 2534 est,
793 2459 834 2532 si,
862 2458 946 2538 quod
966 2478 984 2520 a
1004 2459 1193 2538 providente
1214 2461 1283 2541 (res

88 2573 160 2623 snas
179 2560 289 2623 sobrie
310 2560 561 2643 administrante)
583 2558 746 2640 provideri
765 2565 900 2639 poterat,
922 2561 1084 2639 provisum
1097 2580 1160 2624 non
1186 2563 1283 2648 esti).

87 2655 145 2723 Est
164 2669 269 2725 antem
290 2663 344 2723 bio
366 2667 528 2725 extremus
549 2657 725 2740 diligentie
744 2658 875 2739 gradus,
898 2659 1036 2739 ideoque
1058 2662 1112 2740 qui
1135 2680 1202 2723 eam
1224 2660 1284 2723 ad-

86 2755 195 2826 bibere
222 2763 359 2838 debent,
387 2780 446 2841 pro
473 2760 555 2822 oanni
575 2759 667 2838 calpa
690 2761 792 2821 teneri
823 2759 987 2833 dicuntur3
1017 2767 1050 2822 et
1079 2761 1283 2841 quemadmo-
1387 2760 1394 2774 ’

89 2859 160 2924 dnm
180 2861 248 2925 doli
269 2861 460 2925 vocabulum
483 2860 576 2922 latam
598 2860 720 2940 culpam
742 2858 995 2939 comprehendit,
1029 2862 1071 2922 ita
1093 2861 1194 2942 onlpae
1220 2880 1283 2925 vox

85 2954 187 3025 lovem
208 2961 334 3042 culpam
364 2961 534 3043 designare
555 2959 649 3021 solet.
698 2957 764 3020 Nec
778 2959 895 3040 ‚igitur
920 2958 1051 3021 serenda
1080 2966 1128 3021 est
1158 2960 1284 3023 illorum

85 3063 252 3138 sententia,
277 3061 332 3141 qui
348 3059 519 3140 aliquando
530 3058 721 3121 levissimam
730 3056 852 3137 culpam
871 3077 888 3119 a
913 3056 1109 3122 debitoribus
1128 3065 1284 3140 praestan-

84 3159 259 3239 danesse,
281 3163 471 3224 existiment.

79 3418 141 3471 iiori
167 3425 195 3469 at
221 3418 329 3484 proprio
352 3432 434 3469 sensu
460 3417 547 3468 babes
567 3417 596 3466 in
611 3418 644 3467 fr.
662 3412 688 3466 7.
706 3413 731 3474 0.
751 3411 820 3465 04
847 3413 865 3466 3
891 3411 938 3479 (de
957 3415 1020 3466 dolo
1038 3412 1132 3480 malo).
1149 3418 1182 3466 tr.
1200 3411 1225 3464 7.
1243 3433 1283 3481 pr.

78 3489 115 3540 tr.
131 3487 175 3542 32.
197 3486 228 3538 D.
247 3486 292 3551 16,
312 3486 331 3539 3
351 3485 501 3554 (depositi).
522 3491 555 3538 fr.
572 3485 599 3537 8.
618 3485 643 3546 §-
665 3486 707 3539 10.
730 3482 759 3535 0.
780 3482 858 3548 17,1
886 3483 1040 3549 (mendatii.
1067 3489 1099 3536 fr.
1120 3484 1145 3537 7.
1164 3485 1188 3544 b.
1206 3484 1232 3536 5.
1254 3482 1285 3537 D.

78 3558 124 3625 19,
143 3558 160 3611 2
178 3557 293 3625 (loona).
311 3562 343 3610 ir.
361 3558 423 3611 132.
444 3554 475 3609 Ι),
494 3557 538 3620 50,
557 3555 590 3610 17
610 3556 658 3621 (do
675 3573 729 3623 reg.
749 3555 821 3622 iun).

115 3629 144 3697 1)
164 3631 200 3681 V.
221 3630 298 3682 din
316 3633 348 3682 fr.
366 3631 392 3683 9.
420 3629 444 3688 b.
465 3633 489 3680 l.
514 3633 546 3680 fr.
565 3628 608 3680 11.
625 3646 665 3695 pr.
692 3631 725 3680 ir.
742 3626 788 3680 49.
812 3627 837 3688 ἓ.
856 3627 881 3678 1.
909 3624 939 3677 D.
955 3625 981 3689 9,
1001 3627 1018 3678 2
1037 3624 1157 3693 (011103.
1176 3624 1285 3695 nquit).

78 3705 111 3756 ir.
129 3700 174 3755 13.
194 3699 219 3761 5.
238 3700 265 3753 3.
285 3698 316 3752 D.
334 3700 362 3765 7,
380 3701 396 3754 1
416 3699 464 3766 (de
481 3698 639 3765 uanimotu).

114 3771 144 3841 2)
161 3774 208 3825 Ρτ.
225 3770 328 3839 68.·pr.
347 3770 377 3824 D.
397 3772 441 3836 18,
462 3772 477 3825 1
497 3771 545 3837 (do
561 3772 683 3823 oonnaln
701 3767 785 3835 emb).
803 3773 835 3822 ir.
855 3768 879 3821 2.
898 3768 922 3827 0.
941 3768 966 3820 1.
991 3765 1024 3818 1).
1044 3765 1089 3831 18,
1108 3767 1126 3819 6
1151 3766 1200 3835 (do
1216 3770 1284 3835 pori-

78 3847 143 3898 onlo
162 3851 190 3897 ot
211 3845 353 3896 dommodo
372 3845 412 3896 rai
428 3841 531 3907 rond).
551 3846 582 3895 fr.
600 3843 626 3894 3.
645 3843 668 3902 ἓ.
688 3839 713 3894 5
735 3839 766 3892 D.
781 3838 826 3903 49,
845 3837 880 3891 14
896 3836 945 3905 (de
963 3841 1014 3891 iar.
1031 3836 1108 3904 fiaoi).

111 3914 145 3982 3)
162 3917 208 3967 Fr.
227 3914 288 3968 226.
314 3914 346 3968 D.
363 3914 409 3977 50,
429 3914 463 3967 16
488 3915 535 3978 (de
557 3916 632 3965 verb.
651 3911 739 3979 sign).
761 3915 793 3963 ir.
812 3910 855 3964 32.
883 3907 913 3961 1).
932 3910 976 3974 16,
993 3911 1011 3963 3
1036 3907 1184 3978 (depositi).
1206 3913 1238 3961 fr.
1258 3909 1284 3961 1.

78 3987 100 4048 b.
119 3987 147 4041 5.
168 3984 675 4053 0.44,7(11000.01001.).1ι.29.
700 3981 730 4033 ὓ.
749 3981 824 4046 17,1
845 3979 970 4047 (mand).

108 4057 142 4125 4)
166 4059 212 4109 Fr.
232 4057 293 4111 213.
312 4059 335 4119 ἓ.
355 4060 403 4110 ult
422 4060 454 4108 ir.
471 4055 533 4109 223.
550 4075 589 4124 pr.
611 4053 699 4117 ndo,
715 4053 749 4106 16
768 4051 998 4122 (dererb.aign.).
1017 4057 1049 4105 ir.
1069 4051 1129 4104 132.
1150 4048 1284 4113 1).50,17

78 4129 127 4196 [do
144 4148 202 4198 reg.
219 4126 293 4196 iun).
316 4132 348 4182 fr.
367 4129 393 4182 9.
416 4128 441 4191 5.
462 4127 488 4181 5.
517 4125 646 4191 0.19,2
670 4123 785 4190 (leonti).
804 4129 836 4178 fr.
854 4124 898 4177 31.
918 4126 941 4185 ἓ.
960 4124 986 4177 3.
1007 4122 1038 4174 D.
1056 4122 1082 4187 5,
1101 4122 1120 4175 3
1139 4121 1188 4189 (do
1206 4124 1284 4174 haro-

110 4219 186 4344 6lp9.
205 4201 233 4327 b?
250 4275 271 4326 1.
292 4271 320 4336 3,
338 4271 374 4325 24
393 4270 442 4337 (de
457 4273 537 4324 looat
558 4277 585 4324 et
604 4271 748 4331 oondnot).
767 4270 798 4319 fr.
820 4265 862 4318 18.
883 4287 921 4335 pr.
943 4265 972 4320 l),
990 4265 1033 4330 13,
1052 4265 1069 4317 6
1089 4263 1285 4330 (eommodati).

78 4350 106 4400 tr.
124 4345 172 4400 25.
191 4343 217 4405 5.
236 4344 262 4396 7.
285 4342 316 4396 D.
338 4343 380 4407 19,
398 4342 416 4394 2
434 4341 549 4410 (locati).
566 4347 599 4395 fr.
618 4341 642 4393 1.
662 4342 685 4402 §.
703 4338 729 4390 4.
754 4336 784 4390 l).
805 4337 850 4403 44,
869 4338 886 4390 7
906 4337 953 4403 (de
976 4336 1159 4402 obstant).

109 4413 142 4484 0)
163 4417 210 4469 er.
229 4414 274 4470 19.
291 4417 321 4467 in
338 4417 357 4469 f.
371 4415 404 4466 tr.
421 4412 467 4468 52.
486 4415 510 4475 ἐ.
527 4412 554 4468 4.
577 4410 609 4464 D.
629 4412 657 4478 9,
675 4411 692 4464 2
714 4408 765 4475 (ad
781 4410 832 4479 lag.
848 4407 959 4480 AquiL).
979 4412 1011 4462 fr.
1019 4405 1079 4462 137.
1098 4409 1122 4469 ἓ.
1130 4408 1156 4462 2.
1177 4404 1285 4472 ὓ.45,1

78 4487 126 4556 [do
143 4489 223 4543 verb.
242 4483 319 4553 obl).
