2804 4966
151 323 205 378 108
477 331 677 371 rnsrrrarrcnsr
696 332 769 404 supra
788 333 891 372 nonani
910 333 1028 372 rnrvnrr.

61 501 63 505 ι
151 463 247 527 ullam
267 460 361 532 dandi
384 460 478 524 habet
500 459 729 548 facultatcm1).
775 461 900 525 Fratres
923 480 1001 526 vcro
1024 463 1188 546 cogendos
1212 481 1297 543 esse,
1320 471 1349 528 ut

152 565 256 629 dotem
280 565 471 628 constituant
493 565 677 641 sororibus,
707 564 795 628 nulla
818 563 894 648 lege
918 565 1045 628 iubetur
1056 564 1094 652 ²).
1139 565 1212 647 lpsa
1241 568 1350 631 mulier

150 668 189 731 ad
215 667 318 731 dotem
342 666 589 730 constituendam
612 669 684 750 cogi
705 685 769 743 non
792 666 897 729 debet.

193 773 223 851 ξ.
236 767 308 834 385.
351 767 416 831 Dos
438 773 541 831 autern
563 768 765 830 constituitur
794 766 900 830 multis
926 766 1044 830 modis:
1069 772 1123 830 ant
1145 768 1229 830 enim
1252 767 1349 845 datur,

151 875 205 934 aut
226 873 318 950 pacto
339 868 392 931 rel
417 868 644 950 pollicitatione
672 868 881 949 promittitur,
913 868 1135 950 collegamn,
1165 873 1220 930 ant
1243 873 1348 934 mortis

152 987 246 1033 cansa
266 969 411 1032 donatur.
455 970 593 1051 Antiqno
619 964 690 1031 iure
711 969 849 1032 Romano
880 971 974 1032 etiam
1004 967 1084 1031 dotia
1114 968 1208 1031 dictio
1232 971 1266 1032 in
1295 986 1349 1033 asu

152 1076 220 1134 erat
230 1071 268 1157 8).
314 1070 375 1143 Qui
393 1069 497 1139 dotem
513 1070 665 1149 promisit,
689 1076 849 1133 contracto
863 1071 1057 1133 matrimonio
1070 1071 1238 1134 conveniri
1251 1075 1350 1152 potest

151 1173 190 1235 ad
213 1190 280 1234 eam
302 1169 521 1251 praestandam,
544 1170 768 1251 hypothecaria
793 1172 884 1233 etiarn
907 1172 1041 1233 actione.

193 1278 223 1355 ξ.
236 1271 308 1337 386.
352 1270 492 1334 baronte
515 1272 710 1334 matrimonio
734 1270 790 1334 dos
812 1273 844 1333 in
866 1271 1003 1335 dominic
1022 1272 1125 1335 mariti
1139 1277 1199 1351 est,
1223 1273 1266 1334 ita
1281 1273 1349 1352 qui·

153 1374 234 1450 dem,
258 1378 292 1434 ut
311 1372 377 1460 si4)
401 1390 466 1449 res,
490 1390 560 1454 quac
584 1375 616 1435 in
639 1391 757 1456 genere
781 1373 972 1438 lunationem
994 1375 1161 1454 recipiunt,
1186 1373 1240 1435 vel
1264 1373 1348 1435 etiam

154 1472 223 1536 aliae
245 1489 309 1550 ros,
332 1473 387 1535 sed
410 1474 584 1550 aestimata,
606 1476 638 1536 in
660 1474 763 1537 dotem
784 1475 863 1536 datae
885 1474 1012 1551 luerint,
1036 1475 1131 1556 pleno
1152 1477 1225 1537 iure
1248 1489 1348 1536 aaran

154 1572 297 1636 dominus
319 1574 369 1649 sit,
392 1575 595 1637 restituturus
610 1576 641 1636 in
663 1574 724 1636 fine
737 1575 923 1638 matrimonii
944 1574 996 1638 vel
1010 1591 1063 1637 res
1085 1574 1229 1637 eiusdem
1253 1570 1359 1654 quenl

152 1673 250 1735 titatis
273 1680 305 1736 ct
327 1673 496 1753 qualitatis,
519 1675 571 1737 uel
593 1694 699 1737 carum
723 1675 1010 1762 aestimaticncml).
1055 1676 1086 1740 si
1108 1693 1190 1738 vero
1205 1675 1276 1738 aliae
1292 1690 1347 1749 res,

152 1774 292 1837 sednon
316 1780 490 1852 aestimatae‚
518 1775 583 1839 doti
608 1777 687 1866 datae
714 1775 849 1855 fuerint,
872 1777 1013 1852 maritus,
1035 1776 1110 1838 licet
1129 1775 1276 1841 alienare
1302 1790 1348 1837 eas

153 1878 265 1958 possit,
286 1877 413 1957 plenum
438 1894 543 1940 earum
557 1877 725 1941 dominium
747 1894 810 1940 non
832 1877 927 1940 habet
949 1876 1032 1963 (nam
1053 1882 1179 1939 tenetur
1202 1877 1242 1941 ad
1258 1875 1348 1939 casin

153 1977 260 2058 specie
289 1978 502 2040 restituendas
535 1984 589 2040 aut
619 1980 854 2042 estimationem
890 1997 996 2040 earum
1027 1977 1270 2060 praestandam),
1300 1975 1348 2040 sed

153 2095 273 2142 omnem
300 2080 346 2141 rei
375 2095 466 2140 usum
490 2084 521 2141 et
545 2080 679 2141 fructum
702 2079 860 2161 pendente
890 2081 1112 2155 matrimonio,
1139 2097 1263 2159 neque·
1280 2094 1349 2140 vero

153 2183 305 2243 rationem
328 2180 368 2242 de
389 2179 658 2243 administratione
682 2197 737 2242 sua
761 2181 898 2243 reddere
914 2179 1057 2265 debett).
1101 2177 1283 2241 Periculum
1299 2180 1349 2241 ha·

131 2279 222 2342 'rum
245 2297 351 2342 rerum
377 2280 415 2342 ad
439 2279 603 2343 mulierem
625 2284 772 2362 pertinet.

195 2381 310 2464 §.387.
353 2380 448 2443 Aliud
471 2382 550 2444 iuris
573 2386 621 2443 est
644 2383 676 2444 in
701 2382 797 2445 fundo
819 2381 929 2458 dotali,
953 2381 993 2443 de
1020 2397 1082 2461 quo
1110 2379 1171 2442 iam
1189 2371 1348 2441 dicendam

155 2487 213 2543 est.
257 2478 369 2544 Dotale
398 2481 547 2561 praedium
580 2484 708 2545 maritus
738 2484 837 2545 invita
869 2481 1002 2544 muliere
1031 2499 1088 2562 per
1116 2479 1223 2562 legem
1247 2479 1349 2542 lulian

154 2581 340 2664 prohibetur
361 2580 518 2661 alienare,
544 2586 687 2663 quamvis
710 2585 811 2664 ipsius
835 2585 893 2660 sit,
925 2582 1007 2646 dotis
1030 2598 1123 2644 cansa
1148 2581 1177 2642 ei
1201 2577 1349 2663 datnml).

157 2681 233 2745 Cum
256 2680 309 2744 lex
330 2685 454 2746 nonnisi
477 2687 509 2747 in
530 2684 656 2765 prediis
676 2685 792 2747 ltalicis
815 2683 918 2747 locum
934 2684 1076 2758 haberet,
1099 2687 1131 2744 et
1148 2679 1350 2744 alienationes

154 2784 331 2861 inhiberet,
361 2802 430 2865 quae
453 2786 549 2848 invita
573 2785 705 2848 muliere
727 2786 850 2862 fierent,
874 2783 1069 2866 hypothecas
1099 2788 1205 2845 autern
1235 2782 1351 2844 illarum

156 2902 262 2949 rerum
288 2887 381 2950 etiarn
404 2886 532 2949 volente
553 2906 588 2950 ea
601 2888 647 2973 8);
673 2888 866 2950 lastinianus
885 2886 991 2969 legem
1006 2885 1186 2967 corrigens,
1208 2882 1350 2947 s'antivit:

156 3020 269 3099 miss.).⁴
285 3035 324 3086 Re
342 3035 376 3084 ab
396 3049 424 3086 se
445 3033 557 3085 dotandl
574 3034 690 3086 officium
708 3035 791 3102 patris
811 3033 854 3084 rel
879 3031 923 3083 ari
943 3044 1003 3082 esse
1024 3029 1194 3080 credebatur.
1217 3029 1262 3079 Fr.
1280 3027 1305 3079 6.
1324 3027 1350 3076 D.

157 3101 200 3168 37,
218 3106 235 3158 6
254 3105 301 3166 (de
323 3106 412 3158 collat.
432 3101 548 3169 bonon).

192 3177 220 3242 1)
239 3178 302 3243 Ipsa
319 3180 375 3229 iere
400 3177 483 3229 rerba
504 3177 696 3248 constitutionis
718 3175 759 3229 14.
778 3176 808 3228 O.
827 3176 854 3225 b.
871 3179 890 3224 t.
927 3171 1090 3224 lastinianus
1113 3170 1142 3220 in
1166 3172 1199 3222 ir.
1219 3169 1264 3222 19.
1292 3169 1318 3228 5.
1331 3168 1349 3219 1.

158 3249 187 3300 O.
206 3250 232 3312 1,
251 3247 268 3300 3
286 3247 333 3316 (de
350 3243 507 3313 hereticis),
527 3264 582 3301 non
601 3248 767 3300 orthodoxos
784 3250 917 3314 parentes,
936 3243 1043 3294 filiabus
1062 3242 1115 3294 suis
1136 3241 1293 3294 omnimodo
1310 3239 1350 3296 do·

155 3325 196 3372 tes
216 3320 280 3372 dare
300 3319 408 3384 debere,
426 3321 524 3372 statuit.

192 3390 220 3456 2)
241 3391 365 3444 Sororem
382 3407 536 3458 germanam
556 3391 599 3442 rel
618 3389 842 3456 consanguineam
856 3384 969 3437 dotandi
987 3382 1173 3434 necessitatem
1193 3383 1277 3449 vulgo
1296 3396 1349 3434 con·

157 3464 238 3514 trario
263 3471 418 3530 argumento
440 3479 475 3515 ex
499 3463 541 3514 his
559 3462 648 3515 verbis
667 3464 698 3513 fr.
717 3461 760 3513 12.
785 3459 807 3518 ἓ.
828 3456 865 3509 3.’
880 3460 913 3507 Ι).
933 3451 976 3517 27,
1000 3453 1015 3505 6
1036 3453 1083 3518 (de
1102 3452 1239 3506 administ
1259 3458 1286 3505 ct
1302 3468 1348 3520 per.

158 3532 218 3600 tut.)
240 3534 384 3586 deducunt.
422 3534 492 3598 „Sed
511 3549 566 3585 non
585 3534 659 3584 dabit
681 3534 770 3585 dotem
790 3529 873 3583 sorori
893 3528 944 3579 alio
963 3531 1038 3591 patre
1056 3529 1139 3587 natae,
1166 3527 1248 3576 etiarn
1272 3525 1294 3576 si
1311 3522 1350 3574 ali·

158 3612 199 3657 ter
217 3621 250 3658 ea
268 3608 370 3658 nubere
391 3624 447 3659 non
463 3606 559 3673 possit:
584 3620 647 3656 narn
674 3605 723 3656 etsi
747 3605 873 3662 honeste,
899 3616 934 3652 ex
952 3596 1113 3648 liberalitate
1133 3599 1227 3648 tamen
1245 3597 1282 3658 ht,
1303 3608 1352 3663 qna

160 3678 295 3730 servanda
314 3679 421 3730 arbitrio
439 3678 535 3746 pupilli
556 3677 617 3729 esh“
654 3677 690 3727 At
708 3673 812 3727 etiamsi
831 3671 897 3740 quid
914 3669 980 3721 inde
994 3666 1213 3720 concludendum
1226 3673 1305 3728 esset,
1319 3670 1351 3715 ta

159 3764 221 3800 men
239 3751 344 3835 nonnisi
361 3750 491 3802 naturalis
511 3749 623 3802 dotandi
642 3747 770 3815 obligatio
789 3743 899 3813 probari
916 3744 1021 3810 posset,
1047 3754 1099 3790 nec
1119 3752 1184 3791 vero
1204 3738 1350 3798 necessitas,

158 3835 222 3956 (1¹¹3)
229 3824 524 3959 cpppeppplspitapppteffi·
544 3891 568 3944 1.
605 3893 675 3953 „Dos
694 3895 742 3942 aut
760 3888 847 3951 datur,
867 3890 913 3937 aut
932 3881 1035 3945 dieitur,
1054 3884 1101 3933 aut
1117 3880 1302 3948 promittitur.“

156 4091 159 4100 .
180 3959 223 4099 ’113
242 3965 285 4085 ἐξ·
302 3959 730 4096 31225&lus.t'tt7'e.§·5.3l11}(gub,
752 4031 795 4084 12.
814 4031 857 4082 cit.
875 4045 898 4081 c.
918 4043 961 4080 nn.
982 4027 1011 4078 0.
1030 4019 1056 4087 b,
1075 4019 1110 4074 13
1129 4018 1177 4087 (de
1194 4022 1234 4073 rei
1261 4019 1352 4074 uxoris

159 4102 285 4242 acgpnpp:
304 4172 329 4228 7.
348 4176 371 4237 §-
380 4175 404 4228 3.
424 4178 456 4228 fr.
476 4175 517 4229 10.
539 4174 561 4234 ἓ.
572 4173 596 4226 3.
610 4177 652 4226 ·D.
672 4175 699 4224 h.
717 4179 736 4224 t.
755 4174 787 4223 fr.
800 4167 844 4223 67.
862 4170 895 4220 D.
904 4165 948 4233 24,
965 4166 983 4220 3
1001 4163 1102 4232 (soluto
1121 4163 1291 4216 matrimonio
1311 4161 1352 4212 dos
1381 4224 1385 4229 ¹

159 4248 387 4318 quemadmodum
404 4244 530 4313 petatur).
645 4277 646 4280 =
1332 4302 1338 4318 θ

194 4316 223 4384 7)
241 4322 285 4372 Pr.
304 4321 336 4405 I‘.
347 4320 373 4383 2,
392 4319 409 4370 3
426 4318 475 4386 (tit.
495 4316 559 4384 cit).
580 4317 639 4368 Gal.
654 4316 679 4368 2.
699 4315 722 4375 ἓ.
741 4312 784 4367 63.
802 4311 924 4364 Paulli·
943 4309 985 4363 21.
1005 4313 1029 4374 5.
1043 4309 1067 4361 2.
1086 4308 1153 4359 urat
1171 4321 1206 4357 ea
1226 4306 1275 4357 lex
1293 4303 1354 4355 Iuba

160 4390 446 4525 d083d323r15.5⁸62'
466 4459 508 4513 63.
529 4461 561 4511 fr.
570 4458 593 4511 1.
612 4455 841 4524 pr.ir.1,⁴16.D.
862 4454 888 4504 h.
907 4459 925 4505 t.
944 4469 966 4505 c.
987 4451 1012 4504 1.
1032 4450 1061 4503 0.
1087 4447 1151 4502 eod.
1171 4463 1195 4500 e.
1215 4462 1272 4531 une·
1284 4439 1354 4506 §.lh

162 4527 444 4597 mammam
