2804 4966
578 311 707 356 ursum.
729 312 787 351 oar.
802 316 820 355 1.
1246 311 1299 367 307

93 444 286 527 pervenerit
296 442 337 529 ¹).
378 440 562 506 llonorarise
584 460 711 524 quoqne
733 446 886 523 actiones,
914 464 984 527 quae
1005 456 1079 530 post
1099 416 1214 514 annfim
1237 471 1298 516 non

95 547 224 622 dantur,
250 562 312 607 uec
334 545 367 605 in
388 542 537 607 heredem
559 546 762 629 porrigendae
784 553 859 608 sunt
871 546 911 632 ⁹).

140 647 174 727 ἓ.
187 645 282 709 1070.
325 643 387 709 Sed
412 645 533 707 etiamsi
553 647 584 707 in
607 645 744 709 heredes
767 646 815 708 hee
839 650 978 711 actiones
1001 669 1062 713 non
1088 651 1212 730 dentur,
1238 673 1302 717 non

98 751 203 808 tamen
227 745 350 809 lucrum
372 746 477 810 iacere
500 749 546 810 eis
567 749 776 828 permittitur,
808 751 834 810 si
857 750 940 830 quod
963 752 1001 814 ad
1024 730 1082 814 cos'
1102 757 1299 843 perveniet).

96 845 247 927 Denique
269 864 378 910 omues
400 847 542 928 poenales
564 854 597 911 et
618 855 741 912 oaetere
761 852 923 927 actiones,
954 870 1023 932 quae
1046 860 1144 916 morte
1166 858 1300 935 partium

96 949 180 1012 liniri
199 948 317 1027 solent,
336 956 410 1031 post
430 950 517 1012 litem
537 951 712 1014 inchoatam
726 953 799 1013 etin
821 953 902 1015 etad
916 954 1067 1016 heredem
1085 959 1297 1044 transeunt4).

209 1138 280 1191 TIT.
297 1136 345 1189 vl.
381 1136 431 1188 DE
450 1135 741 1201 EXCEP'I'IONIBUS
760 1137 807 1188 ΕΤ
827 1138 1151 1194 REPLIOATIONIBUS
1166 1141 1197 1208 ⁶).

139 1272 280 1359 91071.
323 1272 412 1352 Saepc
435 1260 566 1348 eccidit,
596 1277 646 1348 ut,
678 1271 752 1334 liect
784 1275 975 1352 persecutio,
1003 1291 1064 1354 qua
1089 1281 1177 1339 actor
1200 1296 1301 1360 expe-

98 1377 194 1450 ritur,
219 1375 302 1437 iusta
325 1374 387 1448 sit,
410 1377 513 1434 tamen
534 1372 641 1452 iniqua
664 1374 706 1435 sit
727 1371 882 1435 adversus
905 1391 991 1452 eum,
1026 1394 1160 1456 quocum
1183 1380 1300 1461 agitur,

100 1472 341 1549 condemnati03
365 1473 533 1553 inquibus
555 1473 681 1535 casibus
704 1477 907 1555 exceptiones
934 1481 1008 1536 sunt
1028 1485 1222 1558 comparate,
1245 1498 1303 1561 per

101 1595 178 1658 quas
198 1577 283 1639 actio
310 1574 507 1653 excluditur,
540 1577 683 1657 quamvis
707 1577 776 1638 iure
801 1582 973 1657 competat:
1007 1579 1097 1640 vorbi
1120 1583 1240 1662 gratia,
1274 1584 1302 1645 si

101 1683 184 1741 metu
207 1682 349 1752 coactus,
371 1682 425 1739 aut
446 1676 520 1739 dolo
542 1676 700 1753 inductus,
724 1683 777 1738 aut
799 1695 909 1740 errore
923 1678 1031 1759 lapsus
1044 1680 1208 1761 stipulanti
1223 1682 1303 1746 Titio

101 1779 285 1859 promisisti,
310 1776 394 1857 quod
418 1794 481 1840 non
502 1777 658 1840 debueras
681 1780 881 1858 promittere,
905 1778 1004 1857 palam
1027 1786 1094 1857 est,
1118 1783 1188 1844 iure
1214 1786 1302 1847 civili

103 1884 133 1940 te
157 1878 332 1961 obligatum
355 1896 437 1955 esse,
461 1884 492 1941 ct
513 1879 606 1955 actio,
630 1895 690 1959 qua
714 1880 906 1941 intenditur:
931 1879 1006 1942 dare
1023 1887 1053 1942 tc
1069 1888 1228 1961 oportere,
1252 1881 1303 1946 el-

102 1981 180 2043 liccx
202 1986 274 2055 est;
301 1981 358 2043 sed
378 1983 518 2062 iniquum
542 1987 600 2052 cst,
626 1987 657 2042 te
679 1980 891 2058 condemnari,
914 1982 1050 2061 ideoque
1064 1982 1155 2044 datur
1170 1982 1226 2044 tibi
1242 2002 1301 2044 ex-

102 2085 207 2166 ceptio
232 2088 335 2144 metus
359 2099 472 2159 censa,
500 2087 553 2144 aut
574 2081 639 2144 doli
662 2081 751 2159 mali,
780 2084 888 2144 autin
911 2082 1237 2163 iactumcomposita,
1264 2086 1302 2148 ad

103 2184 348 2268 impugnandam
370 2183 573 2268 actionemt).

144 2282 283 2370 §.1072
327 2284 538 2365 Exceptiones
561 2285 693 2365 primurn
705 2284 873 2347 Praetorum
890 2284 1001 2346 edictis
1021 2286 1207 2346 introductae
1219 2291 1303 2347 sunt.

104 2388 316 2468 llxccptiones
338 2391 440 2448 autem
465 2384 543 2447 alias
566 2387 598 2446 in
620 2385 724 2447 edicto
739 2383 856 2446 Praetor
869 2384 1002 2446 habebat
1015 2387 1203 2465 propositas,
1227 2385 1305 2448 alias

103 2506 195 2553 causa
218 2488 348 2570 cognita
373 2485 642 2562 accommodabat,
668 2501 738 2565 que
762 2502 870 2547 omnes
891 2485 944 2547 vel
968 2503 1006 2546 ex
1029 2485 1166 2568 legibus,
1188 2486 1242 2549 vel
1265 2506 1305 2549 ex

102 2594 151 2655 lris
172 2606 244 2671 quse
266 2588 351 2671 legis
372 2588 474 2650 vicem
498 2587 700 2662 obtinebant,
732 2586 935 2649 substantiam
968 2586 1150 2667 capiebant,
1181 2587 1233 2648 vel
1263 2605 1303 2649 ex

102 2710 156 2757 sna
176 2689 399 2754 iurisdictione
422 2687 552 2768 proditae
575 2687 712 2769 erantl).

141 2798 171 2877 ᾗ.
186 2790 281 2858 1073.
326 2788 479 2863 Quamdiu
506 2789 670 2872 perlegis
699 2791 840 2851 actiones
870 2787 1068 2871 litigaretur,
1100 2787 1206 2852 nullus
1237 2797 1306 2854 erat

101 2893 322 2975 exceptionum
344 2906 433 2953 usias.
478 2888 643 2970 Postquam
670 2895 771 2952 autern
794 2908 852 2970 per
875 2889 971 2950 verba
997 2895 1150 2971 concepta
1174 2889 1304 2973 discep-

101 2997 158 3057 tari
181 2992 311 3056 solitum
336 2995 415 3068 erat,
437 2990 555 3052 Praetor
579 3009 633 3053 eas
655 2989 798 3053 iormulis
820 2991 965 3052 inserere
987 2992 1098 3072 coepit:
1124 3008 1222 3073 quare
1245 3010 1305 3054 ex-

101 3098 204 3176 ceptio
227 3092 373 3156 iormuloe
396 3092 531 3154 adiectio
554 3098 622 3153 erat
647 3091 686 3153 ad
709 3089 938 3153 excludendum
962 3091 1012 3169 id,
1037 3093 1119 3172 quod
1145 3095 1178 3154 in
1199 3095 1306 3155 inten-

101 3196 219 3258 tionem
242 3193 576 3257 condemnationemvc
600 3191 767 3254 deductum
790 3192 912 3278 eraut).

140 3294 280 3380 §.1074
325 3293 441 3356 Omnes
461 3299 564 3356 autern
586 3295 788 3372 exceptiones
814 3293 1001 3376 (secundum
1023 3293 1146 3379 Gaium)
1170 3293 1202 3353 in
1225 3311 1305 3354 con-

100 3398 232 3460 trarium
256 3395 476 3476 concipiuntur
502 3396 589 3471 eins,
622 3393 706 3474 qnod
728 3393 861 3456 affirmat
882 3395 909 3455 is
920 3392 968 3479 ⁹),
1002 3410 1071 3455 curn
1101 3410 1165 3473 quo
1188 3394 1304 3474 agitur.

135 3641 164 3711 1)
186 3642 210 3704 §-
231 3642 256 3694 1.
275 3642 297 3693 Ι.
317 3642 343 3693 h.
361 3645 380 3692 1.
400 3643 442 3693 cit.
479 3640 632 3694 Delendum
654 3641 681 3691 in
700 3644 780 3707 textu,
800 3641 911 3693 verbum
932 3647 1038 3688 vsuurr.
1077 3638 1183 3701 (tesam,
1204 3639 1304 3706 inquo

99 3716 168 3768 olim
190 3717 227 3767 ob
248 3714 341 3765 dolum
361 3712 481 3765 defuncti
506 3714 576 3764 actio
595 3714 624 3763 in
641 3711 769 3763 heredem
788 3729 843 3765 non
872 3711 996 3772 debatur,
1014 3712 1095 3761 refert
1115 3711 1174 3760 Gai.
1184 3711 1229 3763 lu.
1245 3709 1304 3762 113.

98 3788 174 3839 Vide
196 3787 232 3839 ds
249 3787 302 3837 hoc
319 3786 342 3846 9.
362 3784 387 3836 1.
408 3787 430 3837 l.
450 3790 522 3837 recte
540 3784 741 3851 interpretanda
757 3801 781 3837 v.
805 3784 951 3850 Vanqsrow
970 3799 996 3849 p.
1017 3780 1175 3834 tatu-244.

135 3854 166 3923 2)
186 3859 231 3910 ur.
249 3854 292 3910 35.
313 3875 352 3925 pr.
373 3860 407 3910 D.
425 3853 571 3921 letius
591 3857 623 3908 0.
644 3860 672 3907 et
689 3851 742 3922 A.).

133 3923 706 3997 fflhffimffimffissffiss

133 3998 167 4066 4)
187 3998 211 4058 §-
234 3998 259 4052 1.
278 4002 299 4051 1.
317 4003 345 4052 ln
360 4002 379 4052 l’.
398 4001 426 4050 h.
445 4005 464 4050 1
481 4001 514 4050 fr.
536 3997 578 4051 26.
598 4001 631 4051 D.
648 3995 693 4061 44,
712 3996 738 4050 7.
760 4013 782 4048 o.
794 4012 839 4047 un.
862 3992 927 4059 (1.4,
947 3992 980 4046 17
1001 3993 1049 4063 (ex
1070 3996 1174 4047 delictis
1195 3995 1303 4047 defunc·

96 4068 211 4137 torum).
229 4073 262 4123 ir.
281 4071 306 4125 6.
325 4072 347 4132 §.
368 4070 393 4124 2.
412 4074 445 4123 D.
464 4067 489 4134 5,
508 4069 524 4122 2
544 4069 593 4136 (do
613 4071 722 4140 querela
742 4062 862 4131 inoffici.

135 4140 166 4210 ὃ)
186 4143 252 4195 Insi.
270 4140 296 4195 4.
316 4140 422 4196 13.14.
443 4141 503 4193 Gai.
522 4140 548 4193 4.
569 4142 592 4203 ἓ.
604 4140 763 4196 llo—129.
783 4141 817 4190 D.
827 4136 872 4203 44,
890 4138 904 4190 1
926 4136 973 4205 (de
993 4136 1119 4204 except).
1139 4136 1206 4189 Cod.
1226 4136 1252 4201 8,
1270 4135 1304 4188 36

98 4215 152 4284 (de
172 4218 278 4282 except.
297 4221 324 4267 et
341 4213 508 4282 praescript).
525 4214 682 4281 o.Sovs'9ny
694 4214 727 4264 V.
747 4210 787 4273 ἓξ.
799 4208 958 4264 sss—229.
976 4228 1000 4263 e.
1023 4208 1118 4261 Keller
1136 4206 1305 4268 §tes-37.

100 4289 211 4354 Meum
232 4285 272 4346 ἐξ.
293 4283 451 4339 333.-342.

136 4357 169 4421 6)
189 4357 213 4417 §-
235 4358 299 4410 1.1.
319 4359 384 4411 h.t.
484 4355 514 4425 7)
532 4358 555 4418 §-
573 4353 599 4410 7.
617 4358 638 4407 Ι.
657 4357 684 4407 h.
700 4362 718 4408 t.
741 4355 800 4407 Gai.
817 4353 843 4407 4.
864 4352 887 4415 9.
907 4351 967 4407 118.

136 4425 173 4494 8)
188 4428 233 4480 rr.
252 4429 278 4482 2.
298 4446 337 4497 pr.
355 4427 389 4481 1).
407 4430 434 4480 lr.
454 4435 473 4480 1.
491 4433 523 4482 ir.
543 4428 587 4482 22.
604 4444 644 4495 pr.
663 4429 697 4478 D.
718 4428 780 4480 eod.
802 4427 862 4479 aaa.
880 4423 907 4478 4.
928 4424 951 4485 ἓ.
973 4421 1034 4476 116.

136 4496 170 4566 9)
188 4497 330 4568 Sequimur
348 4506 450 4555 textum
467 4500 559 4568 prime
576 4498 699 4553 editionis
721 4498 789 4552 ests.
