2804 4966
525 312 645 354 trauan.
657 311 724 349 ruas
735 313 765 350 ιι.
778 311 836 351 cta.
850 313 880 353 n.
1255 301 1307 358 143

102 440 156 523 (ab
180 457 254 503 u.c.
268 459 298 505 a.
320 440 392 505 911.
416 458 447 521 p.
473 439 529 502 Ch.
554 447 617 503 nat.
642 441 713 508 158.
738 440 815 527 lato)
838 442 977 524 legitima
994 441 1088 503 heres
1105 442 1174 504 fieri
1189 445 1307 522 potuit:

101 541 132 603 si
152 539 286 620 quidem
306 541 336 603 ei
358 539 423 604 filio
445 521 549 622 neque
573 559 650 603 suus
676 543 769 603 heres
792 548 897 619 esset,
924 543 1019 623 quive
1042 544 1125 605 inter
1146 560 1221 606 suos
1248 544 1308 605 he-

99 640 199 705 redes
218 638 259 703 ad
273 640 427 703 honorum
446 641 680 722 possessionem
699 661 716 704 a
733 647 867 721 pretore
880 649 1061 719 vocaretur,
1085 661 1190 724 neque
1204 650 1305 724 pater,

102 742 143 805 ad
165 738 259 821 quem
280 741 354 824 lege
375 742 536 805 hereditas
558 744 609 805 vel
631 743 783 806 honorum
804 746 967 825 possessio
985 763 1053 806 cum
1068 763 1105 807 re
1118 747 1306 825 pertinebat,
1337 734 1344 741 ’

101 860 210 924 neque
232 841 348 905 tratres
369 845 611 926 consanguinei.
656 844 746 916 Quod
769 846 796 906 si
818 863 911 909 soror
932 847 1107 928 sanguinea
1136 853 1238 922 esset,
1268 846 1305 909 ad

101 949 260 1022 utrosque
282 944 446 1023 pertinere
469 944 636 1007 iubebatur
657 946 816 1027 hereditas
829 949 868 1033 1).

145 1048 177 1126 §-
188 1043 264 1109 498.
307 1042 373 1107 Hoc
405 1046 455 1108 ius
486 1047 593 1109 matris
624 1053 656 1109 et
685 1046 857 1110 liberorum
888 1052 998 1128 postea
1029 1047 1306 1110 constitutionibus

99 1147 282 1228 principum
305 1146 433 1210 diverso
456 1149 547 1212 modo
570 1155 746 1213 correctum
773 1155 837 1211 est:
867 1151 897 1214 1.
918 1154 953 1211 ut
975 1154 1107 1228 nepotes
1137 1154 1169 1209 et
1196 1153 1307 1227 neptes

100 1247 142 1312 ad
164 1249 246 1313 avim
267 1247 474 1312 hereditatem
496 1249 735 1312 admitterentur
749 1250 792 1336 2);
825 1249 855 1313 2.
877 1254 912 1310 ut
934 1249 1026 1311 liberi
1049 1247 1104 1309 tilii
1124 1246 1197 1309 filie
1218 1265 1305 1310 mor-

99 1354 165 1411 tuae
188 1351 260 1413 eius
282 1352 374 1413 matri
395 1351 681 1440 preferrentur³);
714 1351 744 1416 3.
768 1358 802 1412 ut
829 1355 927 1413 mater
956 1349 1022 1413 titio
1050 1349 1161 1412 filiaeve
1191 1367 1306 1411 succe-

98 1449 205 1527 deret,
230 1451 353 1513 etiamsi
375 1451 424 1513 ius
444 1450 617 1514 liberorum
639 1469 701 1514 non
727 1451 914 1537 haheret⁴);
946 1451 978 1515 4.
1002 1456 1037 1511 ut
1056 1458 1156 1514 mater
1179 1468 1304 1532 semper

99 1568 173 1615 cum
196 1550 297 1615 fratre
319 1550 372 1614 vel
396 1568 509 1617 sorore
529 1551 567 1615 ad
587 1550 643 1613 11111
664 1550 780 1615 iiliaeve
805 1551 1011 1613 hereditatem
1033 1551 1252 1638 vocareturt).

173 1740 244 1793 TIT.
264 1738 299 1792 11.
336 1742 385 1793 DE
401 1740 582 1796 BONORUM
601 1739 845 1793 POSSESSIONE
863 1739 1055 1792 INTESTATI
1074 1740 1236 1793 INGENUI.

144 1874 265 1957 §.ase
309 1874 429 1938 Pretor
448 1893 511 1939 non
542 1876 642 1938 solnm
671 1874 820 1958 legitimis
846 1874 1018 1937 heredibus
1041 1874 1127 1937 dedit
1153 1876 1306 1938 honorum

98 1979 354 2058 possessionem,
377 1978 433 2044 sed
457 1981 548 2042 etiam
569 1980 648 2042 iuris
672 1979 776 2042 civilis
799 1978 985 2041 emendandi
1009 1981 1108 2061 gratia
1132 1977 1211 2041 alias
1227 1997 1305 2058 per-

98 2095 200 2141 sonas
227 2078 266 2141 ad
288 2081 506 2142 intestatorum
530 2080 611 2143 hona
634 2082 783 2157 vocavit,
815 2096 885 2160 que
915 2079 1051 2141 heredes
1073 2098 1135 2142 non
1159 2080 1305 2143 inissent.

96 2176 139 2239 Et
160 2179 373 2261 ingenuorum
396 2180 523 2260 quidem
546 2186 680 2261 quatuor
703 2181 824 2264 gradus
846 2181 939 2257 fecit,
970 2183 1102 2261 primum
1123 2179 1306 2253 liberorum,

95 2278 276 2341 secundum
311 2279 538 2362 legitimorum,
573 2283 701 2343 tertium
736 2289 962 2366 cognatorum,
1000 2288 1144 2363 quartum
1177 2282 1239 2343 viri
1274 2285 1306 2342 et

97 2382 213 2444 uxoris
226 2379 268 2466 ⁶).

140 2482 260 2566 §.iffi
303 2481 435 2545 Liberos
458 2488 560 2545 autem
583 2500 690 2546 omnes
714 2489 807 2546 vocat
827 2484 867 2545 ad
887 2484 1103 2558 hereditatem,
1127 2482 1229 2558 etiam,
1252 2483 1305 2560 qui

96 2584 248 2668 legitimo
270 2585 341 2645 iure
362 2568 523 2659 defic'iunt,
548 2584 681 2664 proinde
704 2603 741 2646 ac
761 2585 788 2644 si
805 2584 1006 2664 in'potestate
1020 2589 1183 2664 parentum
1197 2582 1305 2644 mortis

95 2689 246 2765 tempore
257 2681 411 2747 fuissent:
437 2686 507 2747 sive
531 2685 592 2748 soli
617 2691 702 2761 sunt,
728 2686 798 2748 sive
820 2689 912 2747 etiam
934 2687 983 2748 sui
1007 2685 1142 2748 heredes
1165 2702 1304 2748 concur-

95 2790 177 2848 runt
189 2783 231 2870 ²).
275 2784 350 2848 item
375 2792 436 2849 tam
457 2788 618 2851 naturales
638 2807 729 2869 quam
750 2789 915 2869 adoptivos
937 2788 1087 2850 admittit:
1120 2786 1178 2848 hos
1201 2790 1304 2848 autem

98 2890 270 2963 hactenus,
292 2888 319 2948 si
342 2885 460 2949 fuerint
481 2889 512 2948 in
533 2894 688 2968 potestate
701 2890 808 2969 patris,
835 2891 905 2969 quia
921 2888 1097 2968 adoptionis
1112 2887 1179 2948 iura
1194 2902 1304 2946 eman-

100 2987 263 3069 cipatione
285 2974 514 3050 dissolvuntur.
560 2988 594 3050 ln
623 2989 821 3070 adoptionem
849 2990 930 3052 datis
959 3006 1022 3050 non
1052 2985 1197 3050 concedit
1221 2985 1302 3046 hano

97 3088 258 3151 honorum
278 3092 568 3177 possessionem).
611 3090 778 3154 Hereditas
800 3093 882 3153 inter
906 3092 961 3154 has
984 3107 1135 3171 personas
1159 3087 1302 3168 exemplo

101 3187 187 3250 iuris
207 3187 311 3253 ciuilis
332 3189 503 3267 dividitur,
536 3197 571 3252 ut
591 3197 724 3272 nepotes
746 3191 966 3254 defunctorum
988 3193 1151 3271 parentum
1172 3204 1301 3249 suorum

105 3292 226 3365 partem
238 3289 392 3369 accipiant
403 3289 443 3376 9).
487 3290 534 3352 Ex
552 3310 635 3355 novo
652 3297 754 3355 tamen
769 3292 881 3372 eapite,
905 3291 989 3372 quod
1010 3291 1135 3377 §ulvius
1159 3287 1300 3350 lulianus

111 3386 214 3451 edicto
234 3389 368 3455 addidit:
391 3393 418 3455 si
440 3391 525 3455 filius
546 3395 769 3474 emancipatus,
794 3394 847 3473 qui
859 3394 938 3472 petit
951 3392 1103 3455 bonorum
1118 3389 1301 3472 possessio-

113 3540 300 3559 ——a—-n—

154 3626 181 3693 1)
195 3629 249 3700 unp.
266 3635 293 3685 a.
313 3639 332 3685 t.
351 3631 374 3693 s.
391 3632 417 3686 8.
433 3634 511 3685 saut.
520 3631 547 3696 4,
566 3632 590 3684 9.
609 3634 642 3684 n.
662 3631 705 3697 38,
721 3630 755 3685 17
774 3631 896 3699 (aaut).
917 3634 984 3686 coa.
1003 3631 1029 3695 e,
1050 3630 1093 3686 56.
1113 3626 1193 3682 oea.
1214 3627 1298 3678 nne

154 3697 291 3764 nani
310 3701 373 3768 3‚4
393 3701 443 3770 (ut.
462 3700 525 3768 cit).
545 3705 603 3757 c.9.
623 3704 652 3757 C.
671 3703 697 3769 6,
716 3703 751 3760 55
770 3704 887 3771 (desuis
907 3701 1045 3771 miragii).
1065 3706 1110 3757 cfr.
1129 3707 1155 3754 et
1177 3699 1201 3763 1.
1213 3698 1256 3752 15.
1275 3702 1301 3750 et

121 3763 436 3842 detentatores.
456 3791 514 3843 quae
532 3776 567 3827 ab
585 3771 653 3840 ine).

154 3834 251 3905 aaa,
267 3849 296 3903 aa
314 3851 333 3901 r.
352 3848 374 3901 n
392 3844 418 3911 3,
436 3845 462 3899 3.
484 3863 507 3900 ο.
522 3845 548 3901 4.
568 3848 597 3900 c.
615 3847 639 3899 o.
659 3843 692 3900 57
713 3843 761 3910 (aa
781 3847 829 3900 sc.
850 3843 973 3912 orphe).

154 3904 174 3959 4
195 3908 251 3971 tr.
267 3920 287 3971 1.
308 3917 370 3972 eoa.
391 3935 414 3972 a.
433 3918 458 3972 a.
478 3920 507 3972 c.
526 3917 552 3982 e,
569 3917 606 3971 ca
624 3915 672 3983 (aa
690 3919 747 3970 aare
765 3916 891 3982 racem).

155 3976 250 4064 5115.
268 3992 289 4042 1.
307 3991 369 4043 eod.
388 4007 411 4042 o.
431 3991 477 4042 ult.
500 3990 567 4043 Ood.
585 3988 612 4054 6,
630 3988 665 4042 56
682 3987 732 4056 (ad
751 3989 801 4043 SG.
816 3986 954 4052 Trebati).
976 3987 1195 4040 hliustetuerant
1216 3982 1297 4035 Cons-

122 4048 260 4114 aanor,
276 4079 299 4114 o.
320 4059 345 4114 1.
362 4067 390 4114 et
407 4062 512 4115 vaona.
530 4061 558 4113 tn
577 4078 600 4114 ο.
620 4061 644 4112 a.
664 4061 693 4114 c.
712 4062 763 4113 m.
780 4061 806 4125 s,
826 4060 851 4113 1.

124 4115 182 4239 L?
195 4123 268 4267 gumi.
284 4132 310 4256 ξ
328 4132 356 4186 1.
371 4135 406 4185 D.
422 4130 467 4270 333,
485 4132 501 4184 6
522 4128 555 4198 (si
575 4133 631 4184 tab.
650 4137 709 4186 test.
727 4135 807 4187 nulle
828 4128 954 4199 exstet).
974 4128 1033 4182 eat.
1043 4127 1068 4181 3.
1090 4125 1113 4187 §-
1125 4123 1168 4178 25.
1187 4120 1296 4185 §.t-7.

92 4250 112 4260 ,
178 4223 184 4251 ν
255 4219 270 4257 e
305 4222 350 4259 on.
404 4222 459 4258 ss..

123 4254 246 4383 mgfltt.
265 4274 282 4328 1.
300 4293 324 4331 c.
343 4221 428 4339 §.pgd
447 4279 480 4328 t'r.
500 4273 524 4327 1.
550 4272 574 4335 ἓ.
591 4273 616 4328 6.
643 4277 677 4329 D.
696 4271 740 4340 38,
759 4274 775 4329 6
795 4272 845 4344 (tit.
866 4272 930 4342 cit).
967 4273 1125 4343 Appellatur
1142 4270 1199 4322 hoec
1224 4265 1252 4317 b.
1268 4282 1295 4331 p.

50 4392 53 4421 Ι
203 4342 280 4403 tter..

155 4398 182 4538 31
195 4406 308 4557 1111111.
327 4489 353 4549 1.
375 4492 409 4547 tr.
426 4486 470 4545 11.
490 4489 513 4555 5.
526 4487 551 4543 1.
566 4492 600 4545 D.
615 4486 660 4557 37,
676 4485 695 4542 4
713 4486 762 4556 (de
778 4490 805 4543 b.
824 4507 850 4557 p.
869 4505 892 4545 a.
911 4487 951 4556 t).
970 4504 993 4542 c.
1009 4487 1034 4540 1.
1053 4486 1082 4540 0.
1100 4488 1128 4542 h.
1145 4491 1164 4539 t.
1184 4482 1294 4558 (ele).
