<?xml version="1.0" encoding="UTF-8"?>
<!DOCTYPE html PUBLIC "-//W3C//DTD XHTML 1.0 Transitional//EN"
    "http://www.w3.org/TR/xhtml1/DTD/xhtml1-transitional.dtd">
<html xmlns="http://www.w3.org/1999/xhtml" xml:lang="en" lang="en">
 <head>
  <title>
</title>
<meta http-equiv="Content-Type" content="text/html;charset=utf-8" />
  <meta name='ocr-system' content='tesseract 3.04.00' />
  <meta name='ocr-capabilities' content='ocr_page ocr_carea ocr_par ocr_line ocrx_word'/>
</head>
<body>
  <div class='ocr_page' id='page_1' title='image "./institutionesiu00warngoog_0078.png"; bbox 0 0 2804 4966; ppageno 0'>
   <div class='ocr_carea' id='block_1_1' title="bbox 563 265 1289 329">
    <p class='ocr_par' dir='ltr' id='par_1_1' title="bbox 563 265 1289 329">
     <span class='ocr_line' id='line_1_1' title="bbox 563 265 1289 329; baseline 0.007 -5"><span class='ocrx_word' id='word_1_1' title='bbox 563 288 644 326; x_wconf 77' lang='lat' dir='ltr'>aranu</span> <span class='ocrx_word' id='word_1_2' title='bbox 664 290 681 327; x_wconf 89' lang='lat' dir='ltr'>r.</span> <span class='ocrx_word' id='word_1_3' title='bbox 703 288 760 326; x_wconf 77' lang='lat' dir='ltr'>cnr.</span> <span class='ocrx_word' id='word_1_4' title='bbox 780 288 817 327; x_wconf 78' lang='lat' dir='ltr'>tv.</span> <span class='ocrx_word' id='word_1_5' title='bbox 1112 265 1122 289; x_wconf 82' lang='lat'><strong><em>‘</em></strong></span> <span class='ocrx_word' id='word_1_6' title='bbox 1256 277 1289 329; x_wconf 85' lang='grc'>61</span> 
     </span>
    </p>
   </div>
   <div class='ocr_carea' id='block_1_2' title="bbox 71 412 1297 1904">
    <p class='ocr_par' dir='ltr' id='par_1_2' title="bbox 96 412 1296 899">
     <span class='ocr_line' id='line_1_2' title="bbox 101 412 1295 502; baseline -0.003 -22"><span class='ocrx_word' id='word_1_7' title='bbox 101 416 336 480; x_wconf 84' lang='lat' dir='ltr'>defendendum</span> <span class='ocrx_word' id='word_1_8' title='bbox 360 432 441 489; x_wconf 90' lang='lat' dir='ltr'>eum,</span> <span class='ocrx_word' id='word_1_9' title='bbox 464 415 519 494; x_wconf 79' lang='lat' dir='ltr'>qui</span> <span class='ocrx_word' id='word_1_10' title='bbox 540 421 670 495; x_wconf 89' lang='lat' dir='ltr'>propter</span> <span class='ocrx_word' id='word_1_11' title='bbox 691 419 811 476; x_wconf 80' lang='lat' dir='ltr'>etatem</span> <span class='ocrx_word' id='word_1_12' title='bbox 841 429 913 476; x_wconf 88' lang='lat' dir='ltr'>sese</span> <span class='ocrx_word' id='word_1_13' title='bbox 936 412 1110 475; x_wconf 80' lang='lat' dir='ltr'>defendere</span> <span class='ocrx_word' id='word_1_14' title='bbox 1132 415 1295 502; x_wconf 70' lang='lat' dir='ltr'>nequitll,</span> 
     </span>
     <span class='ocr_line' id='line_1_3' title="bbox 100 511 1296 594; baseline -0.003 -14"><span class='ocrx_word' id='word_1_15' title='bbox 100 520 172 581; x_wconf 87' lang='lat' dir='ltr'>iure</span> <span class='ocrx_word' id='word_1_16' title='bbox 197 516 283 579; x_wconf 91' lang='lat' dir='ltr'>civili</span> <span class='ocrx_word' id='word_1_17' title='bbox 307 515 376 578; x_wconf 81' lang='lat' dir='ltr'>data</span> <span class='ocrx_word' id='word_1_18' title='bbox 401 520 496 594; x_wconf 84' lang='lat' dir='ltr'>atque</span> <span class='ocrx_word' id='word_1_19' title='bbox 520 517 684 594; x_wconf 88' lang='lat' dir='ltr'>permissa.</span> <span class='ocrx_word' id='word_1_20' title='bbox 736 511 945 594; x_wconf 78' lang='lat' dir='ltr'>Appellantur</span> <span class='ocrx_word' id='word_1_21' title='bbox 974 516 1096 575; x_wconf 87' lang='lat' dir='ltr'>tutores</span> <span class='ocrx_word' id='word_1_22' title='bbox 1119 517 1209 594; x_wconf 83' lang='lat' dir='ltr'>quasi</span> <span class='ocrx_word' id='word_1_23' title='bbox 1230 516 1296 577; x_wconf 92' lang='lat' dir='ltr'>tui-</span> 
     </span>
     <span class='ocr_line' id='line_1_4' title="bbox 97 613 1295 694; baseline -0.003 -13"><span class='ocrx_word' id='word_1_24' title='bbox 97 625 186 681; x_wconf 89' lang='lat' dir='ltr'>tures</span> <span class='ocrx_word' id='word_1_25' title='bbox 209 625 242 679; x_wconf 92' lang='lat' dir='ltr'>et</span> <span class='ocrx_word' id='word_1_26' title='bbox 266 615 464 690; x_wconf 82' lang='lat' dir='ltr'>defensores,</span> <span class='ocrx_word' id='word_1_27' title='bbox 488 616 572 676; x_wconf 90' lang='lat' dir='ltr'>sicut</span> <span class='ocrx_word' id='word_1_28' title='bbox 593 613 700 677; x_wconf 87' lang='lat' dir='ltr'>aeditui</span> <span class='ocrx_word' id='word_1_29' title='bbox 717 613 876 690; x_wconf 87' lang='lat' dir='ltr'>dicuntur,</span> <span class='ocrx_word' id='word_1_30' title='bbox 902 615 956 694; x_wconf 88' lang='lat' dir='ltr'>qui</span> <span class='ocrx_word' id='word_1_31' title='bbox 972 614 1204 678; x_wconf 84' lang='lat' dir='ltr'>aedestuentur.</span> <span class='ocrx_word' id='word_1_32' title='bbox 1229 617 1295 678; x_wconf 80' lang='lat' dir='ltr'>lu-</span> 
     </span>
     <span class='ocr_line' id='line_1_5' title="bbox 100 715 1294 794; baseline -0.003 -12"><span class='ocrx_word' id='word_1_33' title='bbox 100 719 165 782; x_wconf 84' lang='lat' dir='ltr'>tela</span> <span class='ocrx_word' id='word_1_34' title='bbox 194 720 253 780; x_wconf 87' lang='lat' dir='ltr'>iam</span> <span class='ocrx_word' id='word_1_35' title='bbox 277 734 340 778; x_wconf 91' lang='lat' dir='ltr'>non</span> <span class='ocrx_word' id='word_1_36' title='bbox 364 716 425 777; x_wconf 91' lang='lat' dir='ltr'>nisi</span> <span class='ocrx_word' id='word_1_37' title='bbox 449 716 481 776; x_wconf 95' lang='lat' dir='ltr'>in</span> <span class='ocrx_word' id='word_1_38' title='bbox 509 715 725 794; x_wconf 84' lang='lat' dir='ltr'>impuberibus</span> <span class='ocrx_word' id='word_1_39' title='bbox 757 715 926 776; x_wconf 89' lang='lat' dir='ltr'>constituta</span> <span class='ocrx_word' id='word_1_40' title='bbox 947 720 1014 791; x_wconf 90' lang='lat' dir='ltr'>est,</span> <span class='ocrx_word' id='word_1_41' title='bbox 1046 717 1116 779; x_wconf 89' lang='lat' dir='ltr'>sive</span> <span class='ocrx_word' id='word_1_42' title='bbox 1145 716 1294 780; x_wconf 86' lang='lat' dir='ltr'>masculis</span> 
     </span>
     <span class='ocr_line' id='line_1_6' title="bbox 96 814 1292 899; baseline -0.004 -16"><span class='ocrx_word' id='word_1_43' title='bbox 96 821 168 883; x_wconf 90' lang='lat' dir='ltr'>sive</span> <span class='ocrx_word' id='word_1_44' title='bbox 192 819 314 880; x_wconf 88' lang='lat' dir='ltr'>leminis</span> <span class='ocrx_word' id='word_1_45' title='bbox 330 818 383 897; x_wconf 86' lang='lat' dir='ltr'>qui</span> <span class='ocrx_word' id='word_1_46' title='bbox 406 817 455 876; x_wconf 90' lang='lat' dir='ltr'>sui</span> <span class='ocrx_word' id='word_1_47' title='bbox 475 817 554 877; x_wconf 88' lang='lat' dir='ltr'>turis</span> <span class='ocrx_word' id='word_1_48' title='bbox 571 817 643 877; x_wconf 92' lang='lat' dir='ltr'>sint.</span> <span class='ocrx_word' id='word_1_49' title='bbox 668 814 826 877; x_wconf 84' lang='lat' dir='ltr'>Vocantur</span> <span class='ocrx_word' id='word_1_50' title='bbox 842 820 944 876; x_wconf 91' lang='lat' dir='ltr'>autem</span> <span class='ocrx_word' id='word_1_51' title='bbox 961 815 1072 896; x_wconf 91' lang='lat' dir='ltr'>pupilli</span> <span class='ocrx_word' id='word_1_52' title='bbox 1088 817 1140 878; x_wconf 89' lang='lat' dir='ltr'>vel</span> <span class='ocrx_word' id='word_1_53' title='bbox 1154 817 1292 899; x_wconf 80' lang='lat' dir='ltr'>pupillae.</span> 
     </span>
    </p>

    <p class='ocr_par' dir='ltr' id='par_1_3' title="bbox 94 915 1296 1606">
     <span class='ocr_line' id='line_1_7' title="bbox 142 915 1293 1002; baseline -0.002 -19"><span class='ocrx_word' id='word_1_54' title='bbox 142 920 256 1002; x_wconf 68' lang='lat' dir='ltr'>§.utu</span> <span class='ocrx_word' id='word_1_55' title='bbox 303 915 442 990; x_wconf 83' lang='lat' dir='ltr'>Quilibet</span> <span class='ocrx_word' id='word_1_56' title='bbox 465 915 604 996; x_wconf 90' lang='lat' dir='ltr'>pupillus</span> <span class='ocrx_word' id='word_1_57' title='bbox 638 916 764 977; x_wconf 92' lang='lat' dir='ltr'>nonnisi</span> <span class='ocrx_word' id='word_1_58' title='bbox 795 932 889 977; x_wconf 89' lang='lat' dir='ltr'>unum</span> <span class='ocrx_word' id='word_1_59' title='bbox 921 921 1072 993; x_wconf 86' lang='lat' dir='ltr'>tutorem,</span> <span class='ocrx_word' id='word_1_60' title='bbox 1102 917 1154 979; x_wconf 91' lang='lat' dir='ltr'>vel</span> <span class='ocrx_word' id='word_1_61' title='bbox 1184 918 1293 999; x_wconf 91' lang='lat' dir='ltr'>plures</span> 
     </span>
     <span class='ocr_line' id='line_1_8' title="bbox 96 1015 1295 1095; baseline -0.002 -12"><span class='ocrx_word' id='word_1_62' title='bbox 96 1025 281 1083; x_wconf 86' lang='lat' dir='ltr'>eontutores</span> <span class='ocrx_word' id='word_1_63' title='bbox 305 1020 336 1079; x_wconf 92' lang='lat' dir='ltr'>in</span> <span class='ocrx_word' id='word_1_64' title='bbox 360 1034 454 1078; x_wconf 91' lang='lat' dir='ltr'>unum</span> <span class='ocrx_word' id='word_1_65' title='bbox 478 1017 661 1078; x_wconf 83' lang='lat' dir='ltr'>coniunctos</span> <span class='ocrx_word' id='word_1_66' title='bbox 685 1015 801 1077; x_wconf 90' lang='lat' dir='ltr'>babere</span> <span class='ocrx_word' id='word_1_67' title='bbox 830 1021 955 1095; x_wconf 81' lang='lat' dir='ltr'>potest3</span> <span class='ocrx_word' id='word_1_68' title='bbox 990 1022 1085 1079; x_wconf 87' lang='lat' dir='ltr'>certae</span> <span class='ocrx_word' id='word_1_69' title='bbox 1114 1025 1216 1080; x_wconf 90' lang='lat' dir='ltr'>autem</span> <span class='ocrx_word' id='word_1_70' title='bbox 1246 1021 1295 1081; x_wconf 93' lang='lat' dir='ltr'>rei</span> 
     </span>
     <span class='ocr_line' id='line_1_9' title="bbox 97 1118 1294 1196; baseline -0.002 -12"><span class='ocrx_word' id='word_1_71' title='bbox 97 1122 153 1184; x_wconf 90' lang='lat' dir='ltr'>vel</span> <span class='ocrx_word' id='word_1_72' title='bbox 176 1137 277 1183; x_wconf 85' lang='lat' dir='ltr'>causae</span> <span class='ocrx_word' id='word_1_73' title='bbox 300 1124 385 1179; x_wconf 90' lang='lat' dir='ltr'>tutor</span> <span class='ocrx_word' id='word_1_74' title='bbox 408 1118 474 1179; x_wconf 88' lang='lat' dir='ltr'>dari</span> <span class='ocrx_word' id='word_1_75' title='bbox 498 1135 560 1178; x_wconf 93' lang='lat' dir='ltr'>non</span> <span class='ocrx_word' id='word_1_76' title='bbox 581 1120 696 1196; x_wconf 88' lang='lat' dir='ltr'>potest,</span> <span class='ocrx_word' id='word_1_77' title='bbox 720 1118 793 1195; x_wconf 87' lang='lat' dir='ltr'>quia</span> <span class='ocrx_word' id='word_1_78' title='bbox 814 1133 959 1196; x_wconf 78' lang='lat' dir='ltr'>persone</span> <span class='ocrx_word' id='word_1_79' title='bbox 980 1118 1166 1179; x_wconf 90' lang='lat' dir='ltr'>nonreivel</span> <span class='ocrx_word' id='word_1_80' title='bbox 1191 1137 1294 1182; x_wconf 84' lang='lat' dir='ltr'>causae</span> 
     </span>
     <span class='ocr_line' id='line_1_10' title="bbox 98 1216 1296 1296; baseline -0.001 -13"><span class='ocrx_word' id='word_1_81' title='bbox 98 1221 202 1284; x_wconf 88' lang='lat' dir='ltr'>datur.</span> <span class='ocrx_word' id='word_1_82' title='bbox 247 1218 335 1280; x_wconf 85' lang='lat' dir='ltr'>Unde</span> <span class='ocrx_word' id='word_1_83' title='bbox 356 1218 456 1280; x_wconf 87' lang='lat' dir='ltr'>omnis</span> <span class='ocrx_word' id='word_1_84' title='bbox 479 1222 564 1278; x_wconf 88' lang='lat' dir='ltr'>tutor</span> <span class='ocrx_word' id='word_1_85' title='bbox 592 1216 630 1278; x_wconf 92' lang='lat' dir='ltr'>ad</span> <span class='ocrx_word' id='word_1_86' title='bbox 655 1217 838 1277; x_wconf 90' lang='lat' dir='ltr'>universum</span> <span class='ocrx_word' id='word_1_87' title='bbox 859 1217 1078 1296; x_wconf 79' lang='lat' dir='ltr'>patrimonium</span> <span class='ocrx_word' id='word_1_88' title='bbox 1101 1217 1191 1280; x_wconf 89' lang='lat' dir='ltr'>datus</span> <span class='ocrx_word' id='word_1_89' title='bbox 1221 1238 1296 1282; x_wconf 92' lang='lat' dir='ltr'>cre-</span> 
     </span>
     <span class='ocr_line' id='line_1_11' title="bbox 96 1317 1296 1408; baseline -0.001 -26"><span class='ocrx_word' id='word_1_90' title='bbox 96 1321 185 1383; x_wconf 88' lang='lat' dir='ltr'>ditur</span> <span class='ocrx_word' id='word_1_91' title='bbox 200 1320 240 1408; x_wconf 77' lang='lat'>²).</span> <span class='ocrx_word' id='word_1_92' title='bbox 287 1317 542 1382; x_wconf 85' lang='lat' dir='ltr'>Constituebatur</span> <span class='ocrx_word' id='word_1_93' title='bbox 564 1323 666 1380; x_wconf 91' lang='lat' dir='ltr'>tamen</span> <span class='ocrx_word' id='word_1_94' title='bbox 686 1335 744 1396; x_wconf 90' lang='lat' dir='ltr'>per</span> <span class='ocrx_word' id='word_1_95' title='bbox 765 1322 931 1396; x_wconf 72' lang='lat' dir='ltr'>pretorem</span> <span class='ocrx_word' id='word_1_96' title='bbox 943 1320 1114 1399; x_wconf 88' lang='lat' dir='ltr'>antiquitus</span> <span class='ocrx_word' id='word_1_97' title='bbox 1127 1318 1296 1400; x_wconf 88' lang='lat' dir='ltr'>aliquando</span> 
     </span>
     <span class='ocr_line' id='line_1_12' title="bbox 96 1419 1296 1501; baseline 0.001 -18"><span class='ocrx_word' id='word_1_98' title='bbox 96 1422 138 1484; x_wconf 87' lang='lat' dir='ltr'>ad</span> <span class='ocrx_word' id='word_1_99' title='bbox 166 1438 256 1483; x_wconf 89' lang='lat' dir='ltr'>unam</span> <span class='ocrx_word' id='word_1_100' title='bbox 280 1439 346 1482; x_wconf 89' lang='lat' dir='ltr'>rem</span> <span class='ocrx_word' id='word_1_101' title='bbox 370 1425 464 1496; x_wconf 88' lang='lat' dir='ltr'>tutor,</span> <span class='ocrx_word' id='word_1_102' title='bbox 490 1419 589 1481; x_wconf 89' lang='lat' dir='ltr'>veluti</span> <span class='ocrx_word' id='word_1_103' title='bbox 611 1419 638 1480; x_wconf 93' lang='lat' dir='ltr'>si</span> <span class='ocrx_word' id='word_1_104' title='bbox 659 1419 741 1480; x_wconf 91' lang='lat' dir='ltr'>inter</span> <span class='ocrx_word' id='word_1_105' title='bbox 765 1423 899 1481; x_wconf 78' lang='lat' dir='ltr'>intorem</span> <span class='ocrx_word' id='word_1_106' title='bbox 922 1425 953 1481; x_wconf 88' lang='lat' dir='ltr'>et</span> <span class='ocrx_word' id='word_1_107' title='bbox 974 1419 1127 1501; x_wconf 90' lang='lat' dir='ltr'>pupillum</span> <span class='ocrx_word' id='word_1_108' title='bbox 1148 1421 1296 1483; x_wconf 90' lang='lat' dir='ltr'>iudicium</span> 
     </span>
     <span class='ocr_line' id='line_1_13' title="bbox 94 1520 395 1606; baseline -0.013 -22"><span class='ocrx_word' id='word_1_109' title='bbox 94 1520 257 1604; x_wconf 86' lang='lat' dir='ltr'>agendum</span> <span class='ocrx_word' id='word_1_110' title='bbox 281 1520 395 1606; x_wconf 69' lang='lat' dir='ltr'>erati).</span> 
     </span>
    </p>

    <p class='ocr_par' dir='ltr' id='par_1_4' title="bbox 71 1618 1297 1904">
     <span class='ocr_line' id='line_1_14' title="bbox 142 1618 1295 1704; baseline 0 -21"><span class='ocrx_word' id='word_1_111' title='bbox 142 1625 173 1704; x_wconf 64' lang='grc' dir='ltr'>ξ.</span> <span class='ocrx_word' id='word_1_112' title='bbox 198 1620 270 1684; x_wconf 81' lang='grc'><strong>211.</strong></span> <span class='ocrx_word' id='word_1_113' title='bbox 316 1621 428 1682; x_wconf 85' lang='lat' dir='ltr'>Tribus</span> <span class='ocrx_word' id='word_1_114' title='bbox 452 1625 556 1682; x_wconf 89' lang='lat' dir='ltr'>autem</span> <span class='ocrx_word' id='word_1_115' title='bbox 580 1638 621 1681; x_wconf 87' lang='lat' dir='ltr'>ex</span> <span class='ocrx_word' id='word_1_116' title='bbox 644 1621 747 1682; x_wconf 87' lang='lat' dir='ltr'>causis</span> <span class='ocrx_word' id='word_1_117' title='bbox 771 1618 883 1700; x_wconf 89' lang='lat' dir='ltr'>aliquis</span> <span class='ocrx_word' id='word_1_118' title='bbox 906 1620 945 1682; x_wconf 88' lang='lat' dir='ltr'>ad</span> <span class='ocrx_word' id='word_1_119' title='bbox 970 1620 1075 1682; x_wconf 70' lang='lat' dir='ltr'>tutelas</span> <span class='ocrx_word' id='word_1_120' title='bbox 1098 1638 1211 1683; x_wconf 91' lang='lat' dir='ltr'>munus</span> <span class='ocrx_word' id='word_1_121' title='bbox 1234 1639 1295 1684; x_wconf 88' lang='lat' dir='ltr'>vo-</span> 
     </span>
     <span class='ocr_line' id='line_1_15' title="bbox 97 1720 1297 1803; baseline 0.001 -19"><span class='ocrx_word' id='word_1_122' title='bbox 97 1724 165 1784; x_wconf 88' lang='lat' dir='ltr'>cari</span> <span class='ocrx_word' id='word_1_123' title='bbox 180 1726 296 1802; x_wconf 85' lang='lat' dir='ltr'>potest,</span> <span class='ocrx_word' id='word_1_124' title='bbox 320 1726 517 1796; x_wconf 88' lang='lat' dir='ltr'>testamento,</span> <span class='ocrx_word' id='word_1_125' title='bbox 534 1720 619 1803; x_wconf 83' lang='lat' dir='ltr'>lege,</span> <span class='ocrx_word' id='word_1_126' title='bbox 643 1721 732 1782; x_wconf 91' lang='lat' dir='ltr'>iussu</span> <span class='ocrx_word' id='word_1_127' title='bbox 748 1721 968 1802; x_wconf 81' lang='lat' dir='ltr'>magistratus3</span> <span class='ocrx_word' id='word_1_128' title='bbox 991 1720 1074 1784; x_wconf 89' lang='lat' dir='ltr'>unde</span> <span class='ocrx_word' id='word_1_129' title='bbox 1098 1722 1152 1784; x_wconf 88' lang='lat' dir='ltr'>illa</span> <span class='ocrx_word' id='word_1_130' title='bbox 1174 1725 1206 1785; x_wconf 95' lang='lat' dir='ltr'>in</span> <span class='ocrx_word' id='word_1_131' title='bbox 1230 1729 1297 1785; x_wconf 91' lang='lat' dir='ltr'>tes-</span> 
     </span>
     <span class='ocr_line' id='line_1_16' title="bbox 71 1819 1059 1904; baseline -0.001 -21"><span class='ocrx_word' id='word_1_132' title='bbox 71 1824 328 1898; x_wconf 75' lang='lat' dir='ltr'>tamentariam,</span> <span class='ocrx_word' id='word_1_133' title='bbox 355 1820 525 1904; x_wconf 83' lang='lat' dir='ltr'>legitimam</span> <span class='ocrx_word' id='word_1_134' title='bbox 547 1827 578 1883; x_wconf 92' lang='lat' dir='ltr'>et</span> <span class='ocrx_word' id='word_1_135' title='bbox 603 1821 737 1883; x_wconf 89' lang='lat' dir='ltr'>dativam</span> <span class='ocrx_word' id='word_1_136' title='bbox 760 1819 864 1882; x_wconf 78' lang='lat' dir='ltr'>tutelae</span> <span class='ocrx_word' id='word_1_137' title='bbox 888 1819 1059 1882; x_wconf 85' lang='lat' dir='ltr'>distinctio.</span> 
     </span>
    </p>
   </div>
   <div class='ocr_carea' id='block_1_3' title="bbox 210 2031 1182 2097">
    <p class='ocr_par' dir='ltr' id='par_1_5' title="bbox 210 2031 1182 2097">
     <span class='ocr_line' id='line_1_17' title="bbox 210 2031 1182 2097; baseline -0.002 -11"><span class='ocrx_word' id='word_1_138' title='bbox 210 2037 277 2087; x_wconf 84' lang='lat' dir='ltr'><strong>TIT.</strong></span> <span class='ocrx_word' id='word_1_139' title='bbox 296 2036 330 2088; x_wconf 88' lang='grc' dir='ltr'>Π.</span> <span class='ocrx_word' id='word_1_140' title='bbox 368 2035 432 2097; x_wconf 81' lang='lat' dir='ltr'>Qut</span> <span class='ocrx_word' id='word_1_141' title='bbox 451 2033 694 2086; x_wconf 78' lang='lat' dir='ltr'>TESTAMENTO</span> <span class='ocrx_word' id='word_1_142' title='bbox 712 2032 879 2085; x_wconf 69' lang='lat' dir='ltr'>subortus</span> <span class='ocrx_word' id='word_1_143' title='bbox 898 2033 995 2083; x_wconf 78' lang='lat' dir='ltr'>DARE</span> <span class='ocrx_word' id='word_1_144' title='bbox 1012 2031 1182 2088; x_wconf 78' lang='lat' dir='ltr'><strong>POSSUNT.</strong></span> 
     </span>
    </p>
   </div>
   <div class='ocr_carea' id='block_1_4' title="bbox 98 2191 1298 3493">
    <p class='ocr_par' dir='ltr' id='par_1_6' title="bbox 98 2191 1298 3090">
     <span class='ocr_line' id='line_1_18' title="bbox 145 2191 1298 2278; baseline -0.001 -20"><span class='ocrx_word' id='word_1_145' title='bbox 145 2191 261 2278; x_wconf 62' lang='lat'><strong>§.218</strong></span> <span class='ocrx_word' id='word_1_146' title='bbox 305 2192 502 2256; x_wconf 83' lang='lat' dir='ltr'>Testamento</span> <span class='ocrx_word' id='word_1_147' title='bbox 535 2193 610 2255; x_wconf 89' lang='lat' dir='ltr'>dare</span> <span class='ocrx_word' id='word_1_148' title='bbox 642 2199 777 2256; x_wconf 89' lang='lat' dir='ltr'>tutorem</span> <span class='ocrx_word' id='word_1_149' title='bbox 807 2201 894 2258; x_wconf 91' lang='lat' dir='ltr'>recte</span> <span class='ocrx_word' id='word_1_150' title='bbox 921 2196 1133 2258; x_wconf 89' lang='lat' dir='ltr'>tantummodo</span> <span class='ocrx_word' id='word_1_151' title='bbox 1165 2203 1298 2276; x_wconf 90' lang='lat' dir='ltr'>possunt</span> 
     </span>
     <span class='ocr_line' id='line_1_19' title="bbox 99 2296 1296 2380; baseline -0.002 -20"><span class='ocrx_word' id='word_1_152' title='bbox 99 2304 250 2380; x_wconf 86' lang='lat' dir='ltr'>parentes</span> <span class='ocrx_word' id='word_1_153' title='bbox 273 2298 382 2359; x_wconf 90' lang='lat' dir='ltr'>liberis</span> <span class='ocrx_word' id='word_1_154' title='bbox 403 2296 630 2377; x_wconf 81' lang='lat' dir='ltr'>impuberibus,</span> <span class='ocrx_word' id='word_1_155' title='bbox 653 2314 732 2376; x_wconf 90' lang='lat' dir='ltr'>quos</span> <span class='ocrx_word' id='word_1_156' title='bbox 756 2298 788 2358; x_wconf 91' lang='lat' dir='ltr'>iu</span> <span class='ocrx_word' id='word_1_157' title='bbox 812 2299 909 2377; x_wconf 90' lang='lat' dir='ltr'>patria</span> <span class='ocrx_word' id='word_1_158' title='bbox 929 2297 1045 2359; x_wconf 89' lang='lat' dir='ltr'>habeut</span> <span class='ocrx_word' id='word_1_159' title='bbox 1066 2303 1219 2378; x_wconf 78' lang='lat' dir='ltr'>potestate</span> <span class='ocrx_word' id='word_1_160' title='bbox 1243 2297 1296 2359; x_wconf 85' lang='lat' dir='ltr'>vel</span> 
     </span>
     <span class='ocr_line' id='line_1_20' title="bbox 99 2398 1296 2480; baseline -0.002 -18"><span class='ocrx_word' id='word_1_161' title='bbox 99 2402 160 2462; x_wconf 89' lang='lat' dir='ltr'>iam</span> <span class='ocrx_word' id='word_1_162' title='bbox 185 2404 274 2461; x_wconf 90' lang='lat' dir='ltr'>natos</span> <span class='ocrx_word' id='word_1_163' title='bbox 295 2398 489 2472; x_wconf 82' lang='lat' dir='ltr'>habuissent,</span> <span class='ocrx_word' id='word_1_164' title='bbox 513 2400 540 2459; x_wconf 93' lang='lat' dir='ltr'>si</span> <span class='ocrx_word' id='word_1_165' title='bbox 562 2398 687 2478; x_wconf 90' lang='lat' dir='ltr'>quidem</span> <span class='ocrx_word' id='word_1_166' title='bbox 709 2405 781 2478; x_wconf 87' lang='lat' dir='ltr'>post</span> <span class='ocrx_word' id='word_1_167' title='bbox 802 2399 929 2462; x_wconf 90' lang='lat' dir='ltr'>illorum</span> <span class='ocrx_word' id='word_1_168' title='bbox 944 2406 1074 2462; x_wconf 85' lang='lat' dir='ltr'>mortem</span> <span class='ocrx_word' id='word_1_169' title='bbox 1095 2401 1127 2461; x_wconf 88' lang='lat' dir='ltr'>in</span> <span class='ocrx_word' id='word_1_170' title='bbox 1140 2399 1221 2460; x_wconf 90' lang='lat' dir='ltr'>alius</span> <span class='ocrx_word' id='word_1_171' title='bbox 1236 2417 1296 2480; x_wconf 93' lang='lat' dir='ltr'>po-</span> 
     </span>
     <span class='ocr_line' id='line_1_21' title="bbox 99 2497 1294 2583; baseline -0.001 -20"><span class='ocrx_word' id='word_1_172' title='bbox 99 2507 247 2564; x_wconf 84' lang='lat' dir='ltr'>testatem</span> <span class='ocrx_word' id='word_1_173' title='bbox 271 2501 412 2562; x_wconf 89' lang='lat' dir='ltr'>recasuri</span> <span class='ocrx_word' id='word_1_174' title='bbox 437 2517 500 2560; x_wconf 91' lang='lat' dir='ltr'>non</span> <span class='ocrx_word' id='word_1_175' title='bbox 522 2497 634 2583; x_wconf 81' lang='lat' dir='ltr'>sint⁴).</span> <span class='ocrx_word' id='word_1_176' title='bbox 688 2497 753 2560; x_wconf 92' lang='lat' dir='ltr'>Nec</span> <span class='ocrx_word' id='word_1_177' title='bbox 774 2518 851 2562; x_wconf 90' lang='lat' dir='ltr'>vero</span> <span class='ocrx_word' id='word_1_178' title='bbox 875 2501 936 2562; x_wconf 92' lang='lat' dir='ltr'>nisi</span> <span class='ocrx_word' id='word_1_179' title='bbox 967 2502 998 2562; x_wconf 92' lang='lat' dir='ltr'>in</span> <span class='ocrx_word' id='word_1_180' title='bbox 1022 2506 1218 2577; x_wconf 88' lang='lat' dir='ltr'>testamento,</span> <span class='ocrx_word' id='word_1_181' title='bbox 1242 2501 1294 2562; x_wconf 86' lang='lat' dir='ltr'>vel</span> 
     </span>
     <span class='ocr_line' id='line_1_22' title="bbox 101 2591 1294 2682; baseline 0.003 -18"><span class='ocrx_word' id='word_1_182' title='bbox 101 2604 134 2664; x_wconf 90' lang='lat' dir='ltr'>in</span> <span class='ocrx_word' id='word_1_183' title='bbox 158 2599 313 2664; x_wconf 86' lang='lat' dir='ltr'>codicillis</span> <span class='ocrx_word' id='word_1_184' title='bbox 336 2606 522 2663; x_wconf 89' lang='lat' dir='ltr'>testamento</span> <span class='ocrx_word' id='word_1_185' title='bbox 545 2601 745 2677; x_wconf 81' lang='lat' dir='ltr'>confirmatis,</span> <span class='ocrx_word' id='word_1_186' title='bbox 764 2604 816 2682; x_wconf 90' lang='lat' dir='ltr'>qui</span> <span class='ocrx_word' id='word_1_187' title='bbox 839 2605 1016 2666; x_wconf 86' lang='lat' dir='ltr'>testamenti</span> <span class='ocrx_word' id='word_1_188' title='bbox 1028 2591 1203 2666; x_wconf 77' lang='lat' dir='ltr'>lactionum</span> <span class='ocrx_word' id='word_1_189' title='bbox 1225 2620 1294 2667; x_wconf 91' lang='lat' dir='ltr'>cum</span> 
     </span>
     <span class='ocr_line' id='line_1_23' title="bbox 100 2700 1293 2787; baseline 0.003 -21"><span class='ocrx_word' id='word_1_190' title='bbox 100 2709 255 2766; x_wconf 85' lang='lat' dir='ltr'>testatore</span> <span class='ocrx_word' id='word_1_191' title='bbox 278 2700 405 2778; x_wconf 80' lang='lat' dir='ltr'>babent,</span> <span class='ocrx_word' id='word_1_192' title='bbox 425 2707 547 2764; x_wconf 87' lang='lat' dir='ltr'>tutores</span> <span class='ocrx_word' id='word_1_193' title='bbox 571 2705 718 2765; x_wconf 86' lang='lat' dir='ltr'>constitui</span> <span class='ocrx_word' id='word_1_194' title='bbox 733 2708 885 2783; x_wconf 85' lang='lat' dir='ltr'>possunt3</span> <span class='ocrx_word' id='word_1_195' title='bbox 911 2708 943 2766; x_wconf 93' lang='lat' dir='ltr'>et</span> <span class='ocrx_word' id='word_1_196' title='bbox 957 2704 1011 2765; x_wconf 83' lang='lat' dir='ltr'>vel</span> <span class='ocrx_word' id='word_1_197' title='bbox 1026 2706 1220 2787; x_wconf 84' lang='lat' dir='ltr'>simpliciter,</span> <span class='ocrx_word' id='word_1_198' title='bbox 1242 2709 1293 2770; x_wconf 85' lang='lat' dir='ltr'>vel</span> 
     </span>
     <span class='ocr_line' id='line_1_24' title="bbox 99 2800 1293 2890; baseline 0.006 -25"><span class='ocrx_word' id='word_1_199' title='bbox 99 2800 158 2866; x_wconf 92' lang='lat' dir='ltr'>sub</span> <span class='ocrx_word' id='word_1_200' title='bbox 182 2801 372 2880; x_wconf 85' lang='lat' dir='ltr'>conditione,</span> <span class='ocrx_word' id='word_1_201' title='bbox 396 2803 506 2866; x_wconf 86' lang='lat' dir='ltr'>velex</span> <span class='ocrx_word' id='word_1_202' title='bbox 530 2804 581 2866; x_wconf 91' lang='lat' dir='ltr'>die</span> <span class='ocrx_word' id='word_1_203' title='bbox 602 2805 654 2865; x_wconf 82' lang='lat' dir='ltr'>vel</span> <span class='ocrx_word' id='word_1_204' title='bbox 668 2804 716 2866; x_wconf 83' lang='lat' dir='ltr'>ad</span> <span class='ocrx_word' id='word_1_205' title='bbox 737 2805 818 2866; x_wconf 91' lang='lat' dir='ltr'>diem</span> <span class='ocrx_word' id='word_1_206' title='bbox 833 2804 873 2890; x_wconf 76' lang='lat'>⁵),</span> <span class='ocrx_word' id='word_1_207' title='bbox 896 2805 1061 2869; x_wconf 91' lang='lat' dir='ltr'>dummodo</span> <span class='ocrx_word' id='word_1_208' title='bbox 1081 2810 1195 2871; x_wconf 91' lang='lat' dir='ltr'>tutoris</span> <span class='ocrx_word' id='word_1_209' title='bbox 1216 2827 1293 2890; x_wconf 93' lang='lat' dir='ltr'>per-</span> 
     </span>
     <span class='ocr_line' id='line_1_25' title="bbox 99 2902 1293 2988; baseline 0.007 -22"><span class='ocrx_word' id='word_1_210' title='bbox 99 2920 177 2966; x_wconf 86' lang='lat' dir='ltr'>sona</span> <span class='ocrx_word' id='word_1_211' title='bbox 202 2902 321 2965; x_wconf 88' lang='lat' dir='ltr'>incerta</span> <span class='ocrx_word' id='word_1_212' title='bbox 344 2922 406 2967; x_wconf 92' lang='lat' dir='ltr'>non</span> <span class='ocrx_word' id='word_1_213' title='bbox 428 2905 479 2982; x_wconf 88' lang='lat' dir='ltr'>sit,</span> <span class='ocrx_word' id='word_1_214' title='bbox 503 2906 576 2986; x_wconf 86' lang='lat' dir='ltr'>quia</span> <span class='ocrx_word' id='word_1_215' title='bbox 600 2911 686 2968; x_wconf 81' lang='lat' dir='ltr'>certo</span> <span class='ocrx_word' id='word_1_216' title='bbox 706 2905 823 2968; x_wconf 89' lang='lat' dir='ltr'>iudicio</span> <span class='ocrx_word' id='word_1_217' title='bbox 845 2905 939 2969; x_wconf 90' lang='lat' dir='ltr'>dubet</span> <span class='ocrx_word' id='word_1_218' title='bbox 952 2909 1022 2988; x_wconf 90' lang='lat' dir='ltr'>quis</span> <span class='ocrx_word' id='word_1_219' title='bbox 1036 2911 1212 2988; x_wconf 89' lang='lat' dir='ltr'>posteritati</span> <span class='ocrx_word' id='word_1_220' title='bbox 1227 2928 1293 2974; x_wconf 83' lang='lat' dir='ltr'>suae</span> 
     </span>
     <span class='ocr_line' id='line_1_26' title="bbox 98 3002 410 3090; baseline 0 -23"><span class='ocrx_word' id='word_1_221' title='bbox 98 3004 268 3090; x_wconf 71' lang='lat' dir='ltr'>caverni).</span> <span class='ocrx_word' id='word_1_222' title='bbox 406 3002 410 3015; x_wconf 94' lang='lat'><em>&#39;</em></span> 
     </span>
    </p>

    <p class='ocr_par' dir='ltr' id='par_1_7' title="bbox 99 3106 1296 3493">
     <span class='ocr_line' id='line_1_27' title="bbox 143 3106 1294 3188; baseline 0.004 -18"><span class='ocrx_word' id='word_1_223' title='bbox 143 3108 173 3188; x_wconf 65' lang='grc' dir='ltr'><strong>ξ.</strong></span> <span class='ocrx_word' id='word_1_224' title='bbox 187 3106 259 3171; x_wconf 88' lang='grc'><strong>219.</strong></span> <span class='ocrx_word' id='word_1_225' title='bbox 310 3107 455 3168; x_wconf 88' lang='lat' dir='ltr'>Attamen</span> <span class='ocrx_word' id='word_1_226' title='bbox 487 3112 609 3168; x_wconf 89' lang='lat' dir='ltr'>tutores</span> <span class='ocrx_word' id='word_1_227' title='bbox 642 3112 826 3170; x_wconf 88' lang='lat' dir='ltr'>testamento</span> <span class='ocrx_word' id='word_1_228' title='bbox 859 3126 922 3172; x_wconf 92' lang='lat' dir='ltr'>non</span> <span class='ocrx_word' id='word_1_229' title='bbox 948 3115 1036 3172; x_wconf 88' lang='lat' dir='ltr'>recte</span> <span class='ocrx_word' id='word_1_230' title='bbox 1069 3110 1133 3172; x_wconf 92' lang='lat' dir='ltr'>dati</span> <span class='ocrx_word' id='word_1_231' title='bbox 1166 3112 1294 3175; x_wconf 87' lang='lat' dir='ltr'>tutelam</span> 
     </span>
     <span class='ocr_line' id='line_1_28' title="bbox 99 3206 1296 3292; baseline 0.003 -20"><span class='ocrx_word' id='word_1_232' title='bbox 99 3207 268 3289; x_wconf 86' lang='lat' dir='ltr'>aliquando</span> <span class='ocrx_word' id='word_1_233' title='bbox 283 3209 518 3283; x_wconf 86' lang='lat' dir='ltr'>nanciscuntur,</span> <span class='ocrx_word' id='word_1_234' title='bbox 538 3206 637 3270; x_wconf 87' lang='lat' dir='ltr'>veluti</span> <span class='ocrx_word' id='word_1_235' title='bbox 651 3213 735 3270; x_wconf 89' lang='lat' dir='ltr'>tutor</span> <span class='ocrx_word' id='word_1_236' title='bbox 751 3210 781 3283; x_wconf 82' lang='lat' dir='ltr'>ip</span> <span class='ocrx_word' id='word_1_237' title='bbox 800 3215 985 3272; x_wconf 88' lang='lat' dir='ltr'>testamento</span> <span class='ocrx_word' id='word_1_238' title='bbox 1000 3211 1184 3292; x_wconf 82' lang='lat' dir='ltr'>imperfecto</span> <span class='ocrx_word' id='word_1_239' title='bbox 1200 3231 1296 3275; x_wconf 90' lang='lat' dir='ltr'>cons-</span> 
     </span>
     <span class='ocr_line' id='line_1_29' title="bbox 101 3305 1294 3388; baseline 0.003 -18"><span class='ocrx_word' id='word_1_240' title='bbox 101 3311 232 3384; x_wconf 86' lang='lat' dir='ltr'>titutus,</span> <span class='ocrx_word' id='word_1_241' title='bbox 265 3305 316 3368; x_wconf 87' lang='lat' dir='ltr'>vel</span> <span class='ocrx_word' id='word_1_242' title='bbox 340 3309 394 3386; x_wconf 86' lang='lat' dir='ltr'>qui</span> <span class='ocrx_word' id='word_1_243' title='bbox 417 3327 433 3368; x_wconf 88' lang='lat' dir='ltr'>a</span> <span class='ocrx_word' id='word_1_244' title='bbox 458 3312 547 3387; x_wconf 89' lang='lat' dir='ltr'>patre</span> <span class='ocrx_word' id='word_1_245' title='bbox 571 3309 763 3388; x_wconf 86' lang='lat' dir='ltr'>emancipato</span> <span class='ocrx_word' id='word_1_246' title='bbox 786 3307 861 3385; x_wconf 84' lang='lat' dir='ltr'>filio,</span> <span class='ocrx_word' id='word_1_247' title='bbox 886 3308 938 3371; x_wconf 89' lang='lat' dir='ltr'>vel</span> <span class='ocrx_word' id='word_1_248' title='bbox 962 3311 1045 3388; x_wconf 85' lang='lat' dir='ltr'>quia</span> <span class='ocrx_word' id='word_1_249' title='bbox 1068 3318 1165 3374; x_wconf 88' lang='lat' dir='ltr'>matre</span> <span class='ocrx_word' id='word_1_250' title='bbox 1186 3311 1294 3374; x_wconf 87' lang='lat' dir='ltr'>liberis</span> 
     </span>
     <span class='ocr_line' id='line_1_30' title="bbox 99 3406 1295 3493; baseline 0.003 -22"><span class='ocrx_word' id='word_1_251' title='bbox 99 3412 191 3471; x_wconf 90' lang='lat' dir='ltr'>datus</span> <span class='ocrx_word' id='word_1_252' title='bbox 215 3414 273 3470; x_wconf 91' lang='lat' dir='ltr'>est.</span> <span class='ocrx_word' id='word_1_253' title='bbox 317 3406 478 3471; x_wconf 81' lang='lat' dir='ltr'>Eiusmodi</span> <span class='ocrx_word' id='word_1_254' title='bbox 501 3415 622 3472; x_wconf 90' lang='lat' dir='ltr'>tutores</span> <span class='ocrx_word' id='word_1_255' title='bbox 646 3426 684 3471; x_wconf 86' lang='lat' dir='ltr'>ex</span> <span class='ocrx_word' id='word_1_256' title='bbox 710 3410 910 3493; x_wconf 83' lang='lat' dir='ltr'>magistratus</span> <span class='ocrx_word' id='word_1_257' title='bbox 931 3409 1166 3475; x_wconf 84' lang='lat' dir='ltr'>confirmatione</span> <span class='ocrx_word' id='word_1_258' title='bbox 1189 3415 1295 3475; x_wconf 90' lang='lat' dir='ltr'>susci-</span> 
     </span>
    </p>
   </div>
   <div class='ocr_carea' id='block_1_5' title="bbox 96 3682 1295 4538">
    <p class='ocr_par' dir='ltr' id='par_1_8' title="bbox 98 3682 1295 3882">
     <span class='ocr_line' id='line_1_31' title="bbox 136 3682 1295 3757; baseline 0 -19"><span class='ocrx_word' id='word_1_259' title='bbox 136 3684 164 3751; x_wconf 92' lang='lat'>1)</span> <span class='ocrx_word' id='word_1_260' title='bbox 185 3687 228 3736; x_wconf 87' lang='lat' dir='ltr'>Pr.</span> <span class='ocrx_word' id='word_1_261' title='bbox 248 3684 271 3744; x_wconf 71' lang='lat'>5.</span> <span class='ocrx_word' id='word_1_262' title='bbox 290 3683 315 3735; x_wconf 93' lang='lat'>1.</span> <span class='ocrx_word' id='word_1_263' title='bbox 334 3686 354 3735; x_wconf 93' lang='lat'>1.</span> <span class='ocrx_word' id='word_1_264' title='bbox 375 3683 401 3746; x_wconf 89' lang='lat'>1,</span> <span class='ocrx_word' id='word_1_265' title='bbox 420 3683 454 3737; x_wconf 89' lang='lat'>13</span> <span class='ocrx_word' id='word_1_266' title='bbox 474 3682 521 3750; x_wconf 88' lang='lat' dir='ltr'>(de</span> <span class='ocrx_word' id='word_1_267' title='bbox 540 3683 650 3751; x_wconf 82' lang='lat' dir='ltr'>tutelis).</span> <span class='ocrx_word' id='word_1_268' title='bbox 687 3687 760 3740; x_wconf 79' lang='lat' dir='ltr'>Serv.</span> <span class='ocrx_word' id='word_1_269' title='bbox 780 3688 910 3757; x_wconf 71' lang='lat' dir='ltr'>Sulpicius</span> <span class='ocrx_word' id='word_1_270' title='bbox 927 3689 965 3740; x_wconf 83' lang='lat' dir='ltr'>ita</span> <span class='ocrx_word' id='word_1_271' title='bbox 983 3688 1082 3754; x_wconf 83' lang='lat' dir='ltr'>primus</span> <span class='ocrx_word' id='word_1_272' title='bbox 1099 3689 1212 3740; x_wconf 75' lang='lat' dir='ltr'>tutelam</span> <span class='ocrx_word' id='word_1_273' title='bbox 1231 3688 1295 3740; x_wconf 85' lang='lat' dir='ltr'>defi·</span> 
     </span>
     <span class='ocr_line' id='line_1_32' title="bbox 98 3755 1294 3880; baseline 0 -70"><span class='ocrx_word' id='word_1_274' title='bbox 98 3760 179 3820; x_wconf 77' lang='lat' dir='ltr'>nivit3</span> <span class='ocrx_word' id='word_1_275' title='bbox 198 3761 264 3880; x_wconf 50' lang='lat' dir='ltr'>tgste</span> <span class='ocrx_word' id='word_1_276' title='bbox 282 3757 369 3808; x_wconf 79' lang='lat' dir='ltr'>Pente</span> <span class='ocrx_word' id='word_1_277' title='bbox 389 3758 416 3807; x_wconf 88' lang='lat' dir='ltr'>in</span> <span class='ocrx_word' id='word_1_278' title='bbox 432 3759 464 3808; x_wconf 82' lang='lat' dir='ltr'>ir.</span> <span class='ocrx_word' id='word_1_279' title='bbox 484 3755 506 3816; x_wconf 67' lang='lat'>5.</span> <span class='ocrx_word' id='word_1_280' title='bbox 518 3757 543 3809; x_wconf 93' lang='lat'>1.</span> <span class='ocrx_word' id='word_1_281' title='bbox 560 3761 593 3809; x_wconf 88' lang='lat' dir='ltr'>D.</span> <span class='ocrx_word' id='word_1_282' title='bbox 610 3760 638 3810; x_wconf 88' lang='lat' dir='ltr'>h.</span> <span class='ocrx_word' id='word_1_283' title='bbox 657 3762 676 3809; x_wconf 86' lang='lat' dir='ltr'>t.</span> <span class='ocrx_word' id='word_1_284' title='bbox 712 3760 785 3821; x_wconf 79' lang='lat' dir='ltr'>Quid</span> <span class='ocrx_word' id='word_1_285' title='bbox 803 3762 836 3812; x_wconf 78' lang='lat' dir='ltr'>eit</span> <span class='ocrx_word' id='word_1_286' title='bbox 854 3765 936 3828; x_wconf 76' lang='lat' dir='ltr'>ceput</span> <span class='ocrx_word' id='word_1_287' title='bbox 950 3761 1062 3813; x_wconf 84' lang='lat' dir='ltr'>liberum</span> <span class='ocrx_word' id='word_1_288' title='bbox 1079 3760 1143 3812; x_wconf 79' lang='lat' dir='ltr'>ride</span> <span class='ocrx_word' id='word_1_289' title='bbox 1160 3776 1203 3827; x_wconf 85' lang='lat' dir='ltr'>ap.</span> <span class='ocrx_word' id='word_1_290' title='bbox 1224 3761 1294 3813; x_wconf 82' lang='lat' dir='ltr'>Gell.</span> 
     </span>
     <span class='ocr_line' id='line_1_33' title="bbox 98 3829 238 3882; baseline -0.036 0"><span class='ocrx_word' id='word_1_291' title='bbox 98 3832 132 3882; x_wconf 80' lang='lat' dir='ltr'>V.</span> <span class='ocrx_word' id='word_1_292' title='bbox 155 3847 177 3881; x_wconf 90' lang='lat' dir='ltr'>u.</span> <span class='ocrx_word' id='word_1_293' title='bbox 195 3829 211 3880; x_wconf 92' lang='lat'>1</span> <span class='ocrx_word' id='word_1_294' title='bbox 232 3866 238 3877; x_wconf 95' lang='lat'><strong>.</strong></span> 
     </span>
    </p>

    <p class='ocr_par' dir='ltr' id='par_1_9' title="bbox 97 3896 1294 4103">
     <span class='ocr_line' id='line_1_34' title="bbox 136 3896 1293 3970; baseline -0.001 -18"><span class='ocrx_word' id='word_1_295' title='bbox 136 3900 165 3965; x_wconf 87' lang='grc'><strong>2)</strong></span> <span class='ocrx_word' id='word_1_296' title='bbox 183 3898 205 3958; x_wconf 69' lang='grc' dir='ltr'>ἓ.</span> <span class='ocrx_word' id='word_1_297' title='bbox 222 3897 249 3950; x_wconf 86' lang='grc'>4.</span> <span class='ocrx_word' id='word_1_298' title='bbox 271 3898 291 3948; x_wconf 92' lang='grc' dir='ltr'>Ι.</span> <span class='ocrx_word' id='word_1_299' title='bbox 313 3896 394 3961; x_wconf 85' lang='grc'><strong>1,14</strong></span> <span class='ocrx_word' id='word_1_300' title='bbox 418 3896 475 3968; x_wconf 90' lang='lat' dir='ltr'>(qui</span> <span class='ocrx_word' id='word_1_301' title='bbox 499 3905 601 3952; x_wconf 82' lang='lat' dir='ltr'>testam.</span> <span class='ocrx_word' id='word_1_302' title='bbox 626 3896 697 3964; x_wconf 83' lang='lat' dir='ltr'>tut).</span> <span class='ocrx_word' id='word_1_303' title='bbox 723 3915 746 3950; x_wconf 74' lang='lat' dir='ltr'>e.</span> <span class='ocrx_word' id='word_1_304' title='bbox 764 3899 789 3952; x_wconf 85' lang='grc'>9.</span> <span class='ocrx_word' id='word_1_305' title='bbox 824 3897 897 3958; x_wconf 73' lang='grc'><strong>(1.6.</strong></span> <span class='ocrx_word' id='word_1_306' title='bbox 915 3899 947 3953; x_wconf 87' lang='grc'>31</span> <span class='ocrx_word' id='word_1_307' title='bbox 972 3898 1032 3970; x_wconf 86' lang='lat' dir='ltr'>(qui</span> <span class='ocrx_word' id='word_1_308' title='bbox 1056 3906 1147 3967; x_wconf 89' lang='lat' dir='ltr'>petent</span> <span class='ocrx_word' id='word_1_309' title='bbox 1170 3897 1293 3965; x_wconf 84' lang='lat' dir='ltr'>tutores).</span> 
     </span>
     <span class='ocr_line' id='line_1_35' title="bbox 97 3966 1294 4103; baseline -0.003 -79"><span class='ocrx_word' id='word_1_310' title='bbox 97 3969 240 4024; x_wconf 69' lang='lat' dir='ltr'>r.12.1u</span> <span class='ocrx_word' id='word_1_311' title='bbox 262 3966 304 4103; x_wconf 58' lang='lat'>15).</span> <span class='ocrx_word' id='word_1_312' title='bbox 331 3972 365 4021; x_wconf 82' lang='lat' dir='ltr'>b.</span> <span class='ocrx_word' id='word_1_313' title='bbox 386 3969 430 4036; x_wconf 77' lang='lat'>26,</span> <span class='ocrx_word' id='word_1_314' title='bbox 447 3970 471 4022; x_wconf 89' lang='grc'>2.</span> <span class='ocrx_word' id='word_1_315' title='bbox 490 3971 515 4034; x_wconf 59' lang='grc' dir='ltr'><strong>ὅ,</strong></span> <span class='ocrx_word' id='word_1_316' title='bbox 532 3970 558 4023; x_wconf 81' lang='lat'>5.</span> <span class='ocrx_word' id='word_1_317' title='bbox 576 3971 597 4022; x_wconf 89' lang='lat' dir='ltr'>I.</span> <span class='ocrx_word' id='word_1_318' title='bbox 616 3971 642 4035; x_wconf 84' lang='lat'>1,</span> <span class='ocrx_word' id='word_1_319' title='bbox 664 3969 698 4024; x_wconf 89' lang='grc'><strong>23</strong></span> <span class='ocrx_word' id='word_1_320' title='bbox 716 3968 765 4036; x_wconf 83' lang='lat' dir='ltr'>(de</span> <span class='ocrx_word' id='word_1_321' title='bbox 784 3969 971 4038; x_wconf 72' lang='lat' dir='ltr'>curatoribus).</span> <span class='ocrx_word' id='word_1_322' title='bbox 1000 3972 1023 4032; x_wconf 68' lang='grc' dir='ltr'>ἓ.</span> <span class='ocrx_word' id='word_1_323' title='bbox 1043 3970 1084 4025; x_wconf 86' lang='grc'>17.</span> <span class='ocrx_word' id='word_1_324' title='bbox 1110 3971 1173 4035; x_wconf 84' lang='lat'><strong>1.1,</strong></span> <span class='ocrx_word' id='word_1_325' title='bbox 1190 3969 1225 4025; x_wconf 76' lang='lat' dir='ltr'>ab</span> <span class='ocrx_word' id='word_1_326' title='bbox 1247 3971 1294 4039; x_wconf 88' lang='lat' dir='ltr'>(de</span> 
     </span>
     <span class='ocr_line' id='line_1_36' title="bbox 97 4045 573 4095; baseline -0.008 0"><span class='ocrx_word' id='word_1_327' title='bbox 97 4047 220 4095; x_wconf 79' lang='lat' dir='ltr'>excuset.</span> <span class='ocrx_word' id='word_1_328' title='bbox 238 4045 308 4092; x_wconf 85' lang='lat' dir='ltr'>tut..</span> <span class='ocrx_word' id='word_1_329' title='bbox 569 4068 573 4075; x_wconf 95' lang='lat'><em>·</em></span> 
     </span>
    </p>

    <p class='ocr_par' dir='ltr' id='par_1_10' title="bbox 98 4109 1294 4250">
     <span class='ocr_line' id='line_1_37' title="bbox 135 4109 1294 4180; baseline -0.002 -14"><span class='ocrx_word' id='word_1_330' title='bbox 135 4111 378 4178; x_wconf 80' lang='grc' dir='ltr'><strong>3)Ι]1ρ.Χ1.24.</strong></span> <span class='ocrx_word' id='word_1_331' title='bbox 415 4111 592 4165; x_wconf 62' lang='grc'><strong>(1111184.</strong></span> <span class='ocrx_word' id='word_1_332' title='bbox 629 4113 654 4173; x_wconf 75' lang='lat'>§-</span> <span class='ocrx_word' id='word_1_333' title='bbox 672 4111 697 4165; x_wconf 91' lang='lat'>3.</span> <span class='ocrx_word' id='word_1_334' title='bbox 725 4113 746 4164; x_wconf 93' lang='grc' dir='ltr'>Ι.</span> <span class='ocrx_word' id='word_1_335' title='bbox 765 4112 791 4176; x_wconf 92' lang='grc'>1,</span> <span class='ocrx_word' id='word_1_336' title='bbox 809 4113 843 4166; x_wconf 84' lang='grc'>21</span> <span class='ocrx_word' id='word_1_337' title='bbox 870 4111 919 4180; x_wconf 88' lang='lat' dir='ltr'>(de</span> <span class='ocrx_word' id='word_1_338' title='bbox 937 4118 1093 4170; x_wconf 71' lang='lat' dir='ltr'>auctoritate</span> <span class='ocrx_word' id='word_1_339' title='bbox 1111 4109 1213 4179; x_wconf 74' lang='lat' dir='ltr'>tuton).</span> <span class='ocrx_word' id='word_1_340' title='bbox 1241 4113 1294 4165; x_wconf 79' lang='lat' dir='ltr'>Cir.</span> 
     </span>
     <span class='ocr_line' id='line_1_38' title="bbox 98 4180 875 4250; baseline -0.001 -12"><span class='ocrx_word' id='word_1_341' title='bbox 98 4186 181 4238; x_wconf 81' lang='lat' dir='ltr'>etiem</span> <span class='ocrx_word' id='word_1_342' title='bbox 199 4187 229 4234; x_wconf 81' lang='lat' dir='ltr'>fr.</span> <span class='ocrx_word' id='word_1_343' title='bbox 248 4181 273 4234; x_wconf 79' lang='lat'>9.</span> <span class='ocrx_word' id='word_1_344' title='bbox 292 4185 325 4234; x_wconf 89' lang='lat' dir='ltr'>D.</span> <span class='ocrx_word' id='word_1_345' title='bbox 345 4182 389 4246; x_wconf 91' lang='grc'>26,</span> <span class='ocrx_word' id='word_1_346' title='bbox 406 4182 423 4235; x_wconf 92' lang='grc'>6</span> <span class='ocrx_word' id='word_1_347' title='bbox 443 4180 490 4248; x_wconf 82' lang='lat' dir='ltr'>(de</span> <span class='ocrx_word' id='word_1_348' title='bbox 509 4191 587 4237; x_wconf 87' lang='lat' dir='ltr'>tutor.</span> <span class='ocrx_word' id='word_1_349' title='bbox 606 4191 632 4237; x_wconf 84' lang='lat' dir='ltr'>et</span> <span class='ocrx_word' id='word_1_350' title='bbox 650 4190 763 4239; x_wconf 84' lang='lat' dir='ltr'>curator.</span> <span class='ocrx_word' id='word_1_351' title='bbox 784 4182 875 4250; x_wconf 80' lang='lat' dir='ltr'>detis).</span> 
     </span>
    </p>

    <p class='ocr_par' dir='ltr' id='par_1_11' title="bbox 96 4253 1293 4397">
     <span class='ocr_line' id='line_1_39' title="bbox 132 4253 1293 4323; baseline -0.002 -15"><span class='ocrx_word' id='word_1_352' title='bbox 132 4253 163 4322; x_wconf 88' lang='grc'>4)</span> <span class='ocrx_word' id='word_1_353' title='bbox 183 4257 243 4307; x_wconf 86' lang='lat' dir='ltr'>Non</span> <span class='ocrx_word' id='word_1_354' title='bbox 260 4256 345 4306; x_wconf 83' lang='lat' dir='ltr'>solum</span> <span class='ocrx_word' id='word_1_355' title='bbox 361 4257 500 4318; x_wconf 81' lang='lat' dir='ltr'>institutis,</span> <span class='ocrx_word' id='word_1_356' title='bbox 525 4257 575 4308; x_wconf 82' lang='lat' dir='ltr'>aed</span> <span class='ocrx_word' id='word_1_357' title='bbox 594 4263 620 4308; x_wconf 86' lang='lat' dir='ltr'>et</span> <span class='ocrx_word' id='word_1_358' title='bbox 637 4256 809 4308; x_wconf 82' lang='lat' dir='ltr'>exheredatis</span> <span class='ocrx_word' id='word_1_359' title='bbox 826 4257 1007 4323; x_wconf 74' lang='lat' dir='ltr'>impuberibus</span> <span class='ocrx_word' id='word_1_360' title='bbox 1024 4261 1096 4308; x_wconf 85' lang='lat' dir='ltr'>tutor</span> <span class='ocrx_word' id='word_1_361' title='bbox 1108 4271 1125 4306; x_wconf 77' lang='lat' dir='ltr'>e</span> <span class='ocrx_word' id='word_1_362' title='bbox 1139 4260 1216 4323; x_wconf 71' lang='lat' dir='ltr'>petre</span> <span class='ocrx_word' id='word_1_363' title='bbox 1234 4256 1293 4307; x_wconf 82' lang='lat' dir='ltr'>deri</span> 
     </span>
     <span class='ocr_line' id='line_1_40' title="bbox 96 4323 1224 4397; baseline -0.002 -18"><span class='ocrx_word' id='word_1_364' title='bbox 96 4334 193 4397; x_wconf 79' lang='lat' dir='ltr'>petest</span> <span class='ocrx_word' id='word_1_365' title='bbox 212 4327 235 4387; x_wconf 74' lang='lat'>§-</span> <span class='ocrx_word' id='word_1_366' title='bbox 248 4324 275 4389; x_wconf 93' lang='grc'><strong>3,</strong></span> <span class='ocrx_word' id='word_1_367' title='bbox 294 4325 320 4378; x_wconf 61' lang='lat' dir='ltr'>b</span> <span class='ocrx_word' id='word_1_368' title='bbox 341 4329 361 4378; x_wconf 86' lang='lat' dir='ltr'><strong>L</strong></span> <span class='ocrx_word' id='word_1_369' title='bbox 380 4327 407 4390; x_wconf 85' lang='lat'>1,</span> <span class='ocrx_word' id='word_1_370' title='bbox 425 4325 460 4378; x_wconf 89' lang='grc'>13</span> <span class='ocrx_word' id='word_1_371' title='bbox 480 4325 528 4391; x_wconf 88' lang='lat' dir='ltr'>(de</span> <span class='ocrx_word' id='word_1_372' title='bbox 546 4325 656 4394; x_wconf 79' lang='lat' dir='ltr'>tutelis).</span> <span class='ocrx_word' id='word_1_373' title='bbox 677 4326 701 4386; x_wconf 70' lang='grc' dir='ltr'>ἓ.</span> <span class='ocrx_word' id='word_1_374' title='bbox 717 4325 781 4379; x_wconf 71' lang='lat' dir='ltr'>fal.</span> <span class='ocrx_word' id='word_1_375' title='bbox 801 4327 827 4389; x_wconf 90' lang='grc'>1,</span> <span class='ocrx_word' id='word_1_376' title='bbox 846 4327 882 4380; x_wconf 78' lang='lat'>14</span> <span class='ocrx_word' id='word_1_377' title='bbox 901 4326 959 4396; x_wconf 87' lang='lat' dir='ltr'>(qul</span> <span class='ocrx_word' id='word_1_378' title='bbox 974 4332 1132 4380; x_wconf 75' lang='lat' dir='ltr'>testamnte</span> <span class='ocrx_word' id='word_1_379' title='bbox 1154 4323 1224 4392; x_wconf 78' lang='lat' dir='ltr'>tut).</span> 
     </span>
    </p>

    <p class='ocr_par' dir='ltr' id='par_1_12' title="bbox 134 4395 978 4464">
     <span class='ocr_line' id='line_1_41' title="bbox 134 4395 978 4464; baseline -0.001 -14"><span class='ocrx_word' id='word_1_380' title='bbox 134 4395 161 4464; x_wconf 76' lang='lat' dir='ltr'>b)</span> <span class='ocrx_word' id='word_1_381' title='bbox 182 4398 226 4449; x_wconf 82' lang='lat' dir='ltr'>Fr.</span> <span class='ocrx_word' id='word_1_382' title='bbox 245 4396 270 4450; x_wconf 90' lang='lat'>3.</span> <span class='ocrx_word' id='word_1_383' title='bbox 289 4415 328 4464; x_wconf 90' lang='lat' dir='ltr'>pr.</span> <span class='ocrx_word' id='word_1_384' title='bbox 349 4398 391 4451; x_wconf 92' lang='grc'>21.</span> <span class='ocrx_word' id='word_1_385' title='bbox 410 4399 443 4448; x_wconf 88' lang='lat' dir='ltr'>D.</span> <span class='ocrx_word' id='word_1_386' title='bbox 461 4396 504 4461; x_wconf 87' lang='grc'>26,</span> <span class='ocrx_word' id='word_1_387' title='bbox 522 4398 547 4450; x_wconf 92' lang='grc'>2.</span> <span class='ocrx_word' id='word_1_388' title='bbox 566 4398 588 4458; x_wconf 68' lang='grc' dir='ltr'>ἓ.</span> <span class='ocrx_word' id='word_1_389' title='bbox 606 4397 723 4451; x_wconf 86' lang='lat'><strong>1-3.1.</strong></span> <span class='ocrx_word' id='word_1_390' title='bbox 745 4397 825 4463; x_wconf 80' lang='lat'><strong>1,14</strong></span> <span class='ocrx_word' id='word_1_391' title='bbox 844 4395 895 4464; x_wconf 82' lang='lat' dir='ltr'>(tlt.</span> <span class='ocrx_word' id='word_1_392' title='bbox 916 4397 978 4464; x_wconf 75' lang='lat' dir='ltr'>cit).</span> 
     </span>
    </p>

    <p class='ocr_par' dir='ltr' id='par_1_13' title="bbox 134 4466 609 4538">
     <span class='ocr_line' id='line_1_42' title="bbox 134 4466 609 4538; baseline 0 -16"><span class='ocrx_word' id='word_1_393' title='bbox 134 4469 162 4535; x_wconf 83' lang='grc'>6)</span> <span class='ocrx_word' id='word_1_394' title='bbox 182 4468 205 4530; x_wconf 68' lang='lat'>§-</span> <span class='ocrx_word' id='word_1_395' title='bbox 224 4466 267 4520; x_wconf 88' lang='grc'>27.</span> <span class='ocrx_word' id='word_1_396' title='bbox 286 4469 307 4520; x_wconf 90' lang='grc' dir='ltr'>Ῑ.</span> <span class='ocrx_word' id='word_1_397' title='bbox 324 4468 351 4533; x_wconf 92' lang='grc'>2,</span> <span class='ocrx_word' id='word_1_398' title='bbox 371 4467 410 4522; x_wconf 79' lang='grc'><strong>20</strong></span> <span class='ocrx_word' id='word_1_399' title='bbox 429 4466 476 4535; x_wconf 88' lang='lat' dir='ltr'>(de</span> <span class='ocrx_word' id='word_1_400' title='bbox 494 4466 609 4538; x_wconf 68' lang='lat' dir='ltr'>tegente).</span> 
     </span>
    </p>
   </div>
   <div class='ocr_carea' id='block_1_6' title="bbox 0 0 1406 4966">
    <p class='ocr_par' dir='ltr' id='par_1_14' title="bbox 0 0 1406 4966">
     <span class='ocr_line' id='line_1_43' title="bbox 0 0 1406 4966; baseline 0 0"><span class='ocrx_word' id='word_1_401' title='bbox 0 0 1406 4966; x_wconf 95' lang='lat' dir='ltr'> </span> 
     </span>
    </p>
   </div>
  </div>
 </body>
</html>
