2804 4966
600 314 797 357 reaccensum.-
875 325 893 331 ·’
1261 307 1295 362 19

99 445 357 527 iurisprudentie
379 458 513 505 romane
529 445 725 504 monumenta
740 445 914 522 supersunt
923 440 961 529 ²),
983 457 1053 520 quse
1073 442 1214 526 undique
1228 449 1297 507 ter-

95 566 200 612 rarum
221 532 348 609 summir
371 543 516 607 laudibus
538 541 739 604 celebrantur
752 541 788 623 ²).

140 653 171 732 §.
186 648 236 712 61.
282 646 364 710 luris
386 650 489 707 autem
513 645 634 705 interea
658 647 758 704 status
779 641 862 722 apud
885 641 1039 706 Romanos
1062 643 1113 705 bic
1137 643 1206 707 fuit.
1228 645 1293 709 Ea-
1333 657 1338 672 '

99 751 180 827 dem,
202 764 274 830 que
295 747 374 809 iuris
397 743 512 820 civilis,
536 745 615 805 iuris
640 746 781 826 gentium
804 759 933 823 quoque
953 749 1021 806 erat
1043 746 1213 809 auctoritas
1235 763 1293 809 ea-

100 868 161 931 que
181 848 322 911 maxima.
374 844 427 907 lus
460 843 555 906 civile
586 844 737 923 scriptum
768 841 975 925 exlegibus,
999 846 1294 923 senatusconsultis,

99 953 173 1014 item
196 967 235 1012 ex
251 946 528 1012 constitutionibus
550 946 726 1025 principum
748 943 962 1006 descendebat
973 947 1008 1026 ⁸).
1052 944 1163 1007 Forma
1183 948 1296 1028 reipu-

100 1051 190 1113 blicae
212 1050 294 1113 enim
316 1065 378 1110 non
400 1047 503 1108 statim
525 1061 677 1125 perversa
702 1049 768 1120 est,
800 1023 909 1107 liberae
932 1046 1067 1108 civitatis
1090 1048 1197 1127 specie
1216 1064 1295 1127 per-

100 1150 249 1225 durante3
273 1166 371 1229 quare
391 1149 483 1211 etiam
506 1146 565 1207 sub
586 1147 694 1226 primis
708 1145 949 1226 imperatoribus
971 1145 1062 1228 leges
1080 1145 1160 1208 latae.
1194 1147 1297 1211 Sena-

102 1251 368 1314 tusconsultorum
391 1247 598 1326 autemcopia
620 1251 698 1322 erat,
721 1263 791 1308 cum
813 1246 1020 1326 imperatores
1033 1253 1162 1309 senatus
1184 1253 1296 1309 auoto-

101 1353 225 1415 ritatem
256 1353 288 1413 in
311 1348 465 1412 eiusmodi
488 1348 585 1410 rebus
609 1353 782 1430 augerent,
803 1364 866 1426 quo
888 1348 920 1408 in
945 1347 1013 1409 suis
1037 1346 1177 1410 consiliis
1201 1354 1297 1418 ense-

101 1452 236 1533 quendis
267 1456 407 1517 mutuum
433 1449 471 1512 ab
486 1487 488 1492 ·
502 1466 540 1510 eo
557 1531 558 1535 Ἰ
573 1447 723 1512 auxilium
755 1447 958 1536 acciperent.¹
977 1490 979 1497 .
998 1448 1134 1512 Plurima
1156 1447 1236 1518 scta
1258 1448 1297 1512 ad

100 1554 325 1633 imperatorum
346 1552 506 1614 orationes
527 1548 652 1631 faota4).

145 1653 237 1736 §.62
281 1652 337 1714 His
357 1668 524 1714 accessere
548 1652 789 1714 constitutiones
803 1652 997 1732 principum3
1020 1651 1103 1731 quod
1117 1651 1301 1732 enimprin-

58 1754 67 1775 '
101 1773 176 1835 ceps
199 1773 257 1834 per
285 1752 449 1835 epistolam
480 1751 533 1813 vel
563 1752 827 1833 subscriptionem
859 1754 987 1828 statuit,
1016 1752 1069 1814 vel
1101 1770 1298 1835 cognoscens

102 1854 262 1931 decrevit,
287 1852 339 1916 vel
362 1853 401 1915 de
422 1852 518 1934 plano
539 1851 749 1915 interlocutus
772 1858 831 1930 est,
854 1853 907 1914 vel
934 1851 1037 1943 edicto
1061 1856 1220 1934 precepit,
1241 1870 1299 1934 pro

103 1956 173 2016 iure
204 1960 236 2016 et
264 1954 338 2036 lege
368 1952 614 2016 custodiebatur.
673 1953 748 2026 011ae
775 1955 996 2034 imperatorum
1025 1953 1079 2015 tali
1107 1952 1199 2016 modo
1230 1955 1299 2016 iura

108 2054 262 2117 condendi
287 2059 425 2135 potestas
448 2072 520 2116 num
547 2054 610 2133 lece
629 2054 725 2137 repta,
751 2061 785 2116 ut
801 2054 925 2135 dicitur,
947 2055 1074 2131 nitatur,
1096 2053 1136 2116 de
1157 2072 1195 2116 eo
1207 2053 1301 2118 valde

105 2155 267 2238 ambigunt
288 2156 366 2218 iuris
387 2158 589 2236 interpretes,
612 2157 687 2218 licet
710 2173 868 2236 nunquam
892 2155 1066 2218 dubitatum
1094 2154 1191 2217 luerit
1225 2158 1299 2237 quin

106 2254 137 2317 id
169 2254 253 2335 quod
281 2255 429 2337 princeps
454 2257 669 2334 constituerit,
702 2256 786 2340 legis
819 2258 920 2319 vicem
951 2254 1111 2332 obtineat3
1143 2274 1214 2318 curn
1244 2274 1302 2336 per

103 2356 208 2439 legem
242 2356 406 2436 imperium
435 2356 619 2445 accipiatl).
681 2356 945 2420 constitutionum
975 2374 1124 2420 numerus
1159 2358 1301 2438 quotidie

103 2460 226 2533 auctus,
253 2455 343 2539 leges
367 2462 478 2540 postea
503 2463 535 2519 et
556 2457 830 2521 senatusconsulta
853 2459 1023 2521 rarissima.
1067 2456 1177 2539 Neque
1199 2464 1302 2521 tamen

104 2557 213 2637 primae
234 2558 475 2621 constitutiones
497 2558 535 2620 ab
557 2557 714 2622 Hadriano
740 2559 862 2622 demum
884 2558 1034 2640 proiecte
1055 2564 1128 2621 sunt
1143 2559 1182 2644 ⁶).

150 2655 242 2739 §.cs
287 2657 369 2719 luris
392 2675 519 2739 quoque
535 2677 597 2722 non
619 2655 728 2742 scripti
749 2661 874 2741 species
895 2660 953 2722 bae
968 2664 1058 2722 etate
1073 2658 1300 2740 perduravere.

107 2756 160 2819 lus
184 2756 395 2836 honorarium,
420 2763 557 2823 maxime*
568 2760 673 2847 studio
683 2760 982 2824 iurisconsultorum
996 2766 1130 2837 auctum,
1155 2777 1303 2824 summam

106 2859 328 2929 auctoritatem
352 2867 529 2924 assecutum
552 2868 618 2938 est,
642 2862 790 2925 diuturno
812 2880 871 2925 usu
895 2862 1139 2943 comprobatum,
1162 2861 1303 2942 quotidie

108 2957 269 3021 dilatatum
293 2965 324 3043 et
345 2961 540 3024 emendatum
554 2961 593 3050 1).
616 2962 681 3024 Hoc
705 2969 736 3025 et
756 2964 814 3027 sub
828 2963 985 3026 Hadriano
1011 2954 1165 3026 alulilno
1188 2961 1303 3024 factum

106 3076 180 3121 esse
204 3058 348 3138 traditur,
368 3063 512 3141 quamvis
534 3068 637 3127 tamen
660 3064 795 3126 edictum
808 3082 869 3126 non
891 3069 965 3126 tune
980 3063 1102 3127 demum
1118 3068 1303 3146 perpetuum

145 3289 173 3359 1)
195 3294 327 3346 Praeterea
344 3301 371 3348 et
388 3296 443 3347 alia
464 3297 501 3348 ad
518 3313 569 3351 nos
581 3312 727 3366 pervenere
746 3303 774 3349 ut
791 3297 1076 3366 Utprtam'srcpmeatc
1094 3299 1236 3350 contacto
1253 3297 1305 3362 pri-

107 3380 181 3416 mum
199 3365 281 3427 edita,
300 3373 326 3420 et
346 3368 413 3421 (lcii
422 3365 625 3433 Institutione,
643 3386 697 3421 non
715 3371 817 3436 integre
838 3369 992 3435 superstites
1010 3385 1081 3420 enno
1100 3365 1169 3420 1816
1188 3367 1306 3431 detecte,

106 3441 205 3488 cetera.

143 3504 171 3574 2)
188 3505 439 3562 iurisconsultorum
456 3509 530 3563 Rom.
542 3510 658 3564 indicem
677 3511 796 3563 invenies
809 3511 883 3578 apud
891 3514 1026 3564 Bestiam
1044 3511 1075 3562 L.
1086 3510 1114 3562 O.
1122 3513 1152 3562 P.
1164 3507 1306 3562 238-260

107 3584 170 3631 ente
193 3578 265 3631 Serv.
287 3579 437 3648 sulpitium
456 3588 517 3649 pest
533 3600 558 3648 p.
570 3579 720 3646 seo-269,
740 3577 926 3650 ptos-419,
943 3578 1007 3645 472,
1026 3579 1086 3634 506.
1112 3587 1139 3634 et
1156 3581 1230 3647 apud
1251 3581 1303 3632 Pe

108 3650 191 3714 tbs'er,
212 3647 361 3704 sanarem
384 3649 572 3706 lucinianae.
594 3653 648 3704 rol.
660 3653 680 3702 1.
707 3654 858 3722 Prolegom.
895 3653 1006 3706 Holta'us
1024 3649 1210 3712 §.sla-ser.

145 3717 172 3785 3)
192 3719 253 3771 Gai·
272 3722 293 3772 I.
314 3723 337 3782 5.
348 3719 426 3775 2-7.
463 3724 526 3791 Ulp.
545 3726 707 3790 Fragmenta
725 3725 764 3776 tit.
774 3724 793 3774 Ι.
836 3725 987 3791 Fragment
1006 3725 1056 3776 inr.
1075 3741 1140 3776 rom.
1163 3726 1304 3776 Dosltbea-

108 3807 172 3843 unm
200 3790 290 3844 denuo
317 3809 401 3860 nuper
427 3795 490 3847 edit·
510 3812 527 3847 a
546 3792 858 3862 cressementum.
883 3796 979 3862 Lipsiae
997 3791 1074 3847 1819.
1096 3813 1122 3862 p.
1136 3792 1172 3846 14
1190 3802 1307 3865 seq-,et

110 3864 211 3914 Bonae
232 3865 308 3928 publ.
327 3880 391 3916 cura
414 3865 588 3934 EBoealn'srp
604 3866 633 3917 in
652 3868 770 3935 Corpore
788 3869 842 3918 s'cr.
860 3865 949 3919 Antei.
968 3883 994 3932 p.
1005 3864 1049 3917 41.

123 3930 174 4053 d4)
190 3933 257 4054 ἔξω
267 3935 361 3987 Annal.
371 3936 416 3986 Vl.
428 3933 453 3989 7·
465 3934 507 3989 27.
527 3938 570 3988 Fr.
581 3935 607 3989 8.
627 3939 660 3988 D.
670 3935 694 3988 2.
715 3935 757 3989 15.
777 3931 823 4003 (de
842 3940 989 4000 truncant).
1010 3938 1051 3989 Fr.
1061 3934 1104 3990 59.
1117 3935 1160 3989 60.
1188 3939 1222 3988 Ι).
1234 3933 1304 3988 262

143 4019 199 4055 err
246 4021 283 4056 nu
337 4044 342 4055 .
1067 4044 1075 4057 .

109 4002 120 4072 (
145 4072 174 4138 5)
193 4004 416 4129 contributionum
435 4078 510 4144 erigo
533 4079 561 4130 in
580 4077 686 4128 militari
705 4077 901 4144 Imperatorum
919 4083 1052 4147 potestate
1071 4077 1215 4147 quaerenda
1232 4075 1308 4128 vide·

108 4152 160 4216 tur.
196 4146 272 4214 Lege
291 4149 431 4214 imperium
448 4151 506 4212 niti,
523 4149 614 4201 dicum
634 4148 693 4199 Gai.
714 4146 738 4198 1.
759 4147 811 4207 §.5
829 4159 856 4201 et
874 4151 918 4202 Fr.
931 4150 955 4202 1.
991 4151 1023 4200 D.
1036 4148 1060 4212 1,
1077 4148 1096 4200 4
1113 4149 1162 4212 (de
1180 4143 1306 4213 constit).

144 4214 174 4282 6)
193 4217 246 4268 Osr-
264 4227 365 4266 couti·
384 4229 471 4273 ¹2¹⁰ss
491 4222 527 4271 eb
544 4221 746 4286 imperatoribus
764 4222 882 4274 romanis
901 4227 963 4274 ante
979 4221 1154 4272 Iustinianum
1179 4220 1304 4282 latarum,

109 4290 495 4412 pizeleggtpessonstitutionum
510 4292 622 4346 Codices
642 4297 789 4358 supersunt
809 4291 923 4359 Collegit
942 4293 1079 4347 &eccas
1097 4291 1205 4344 Henel.
1242 4291 1306 4358 Lip-

145 4426 174 4495 7)
194 4429 284 4486 Veluti
302 4449 318 4484 a
336 4432 475 4494 Labeone,
494 4447 546 4484 sec.
568 4433 637 4484 eall.
653 4433 727 4484 XIII·
748 4431 782 4484 10
800 4433 837 4484 ab
856 4433 952 4498 Oblior
970 4448 1022 4485 see.
1040 4432 1169 4501 Pompcn.
1187 4430 1213 4492 §-
1224 4429 1269 4484 44.
1290 4445 1307 4480 a

110 4500 178 4553 Calo
196 4499 289 4557 Oessle
307 4519 359 4558 seo.
378 4505 409 4556 tr.
428 4501 471 4556 26.
490 4502 514 4562 6.
534 4500 559 4555 7.
578 4505 611 4554 D.
629 4500 656 4555 4.
675 4501 692 4556 6
711 4500 758 4572 (ex
777 4503 849 4573 quib.
865 4517 938 4556 esur.
955 4498 1072 4569 mulce).
1092 4510 1095 4514 ’
1122 4519 1125 4525 ·
1202 4557 1214 4587 s
