2798 4972
461 338 541 377 orara
562 338 591 379 m.
611 337 678 374 raas
693 338 713 374 t.
733 336 791 373 car.
812 336 854 376 nt.
1208 323 1261 380 125

56 480 137 536 tunc
158 471 283 532 demum
306 468 468 545 amittitur,
489 484 558 529 cum
581 484 689 529 omnes
706 468 737 527 in
751 464 1019 526 renunciationem
1034 448 1263 555 consenserint,

59 571 210 652 quoniam
232 586 286 631 res
309 568 470 631 individua
492 586 550 649 pro
574 573 663 648 parte
686 567 783 628 amitti
805 582 865 626 non
889 570 993 644 potest
1004 565 1039 646 ²).

103 675 134 754 ξ.
146 670 220 735 442.
266 668 460 733 Confusione
483 668 599 730 deinde
622 669 792 729 servitutes
815 666 1076 747 exstinguuntur,
1101 669 1184 747 quod
1206 689 1264 732 ae.

12 822 17 831 .
59 774 149 850 cidit,
175 773 203 833 si
224 771 269 847 is,
292 773 342 832 cui
366 771 505 832 servitus
529 770 694 849 competit,
721 769 768 829 rei
791 766 958 829 dominium
979 769 1178 847 acquisierit,
1209 771 1263 834 vel

59 877 88 938 si
111 872 151 936 ad
172 875 220 935 rei
242 878 381 935 onerate
397 871 554 933 dominum
567 871 709 936 servitus
728 868 871 943 redierit,
896 866 1021 947 quando
1034 868 1159 947 quidem
1173 889 1266 936 nemo

10 1038 17 1047 ,
59 977 91 1038 in
116 993 151 1046 re
174 989 230 1036 sua
254 973 439 1034 servitutem
462 970 580 1033 hahere
601 968 754 1055 potestt).
801 968 834 1031 Si
857 967 1110 1031 usufructuarius
1131 973 1178 1033 rei
1204 973 1265 1036 do-

59 1078 165 1138 minus
186 1076 287 1136 iactus
311 1073 425 1148 inerit,
451 1070 596 1135 confusio
618 1068 827 1132 consolidatio
848 1066 1030 1157 vocaturt).
1074 1068 1263 1136 Praediorum

59 1178 237 1241 servitutes
261 1172 516 1248 confunduntur,
546 1173 572 1233 si
595 1171 677 1234 idem
700 1172 867 1249 utriusque
888 1169 998 1249 praedii
1023 1170 1167 1234 dominus
1193 1191 1265 1237 esse

60 1278 206 1358 coeperit,
229 1282 261 1338 et
283 1291 432 1356 cumpro
454 1279 544 1354 parte
566 1273 664 1334 amitti
679 1276 827 1351 nequeat,
847 1270 1012 1347 retinetur,
1034 1274 1061 1334 si
1076 1279 1195 1353 partem
1208 1279 1265 1339 -rei

60 1380 233 1445 servientis
256 1382 374 1439 tantum
392 1376 617 1456 acquisiverit:
638 1377 779 1437 retinere
799 1374 898 1456 igitur
917 1377 950 1437 in
971 1393 1007 1438 re
1024 1378 1178 1439 communi
1193 1396 1266 1441 ser-

60 1482 195 1542 vitutem
217 1479 287 1559 quis
309 1483 424 1558 potest.

102 1580 251 1663 Servitus
284 1583 387 1640 autem
418 1576 606 1639 contusione
639 1575 761 1638 sublata
796 1595 813 1638 e
846 1576 959 1658 regula
992 1596 1054 1641 non
1085 1587 1265 1660 revocatur,

61 1679 186 1740 etiamsi
209 1683 318 1760 postea
338 1693 391 1740 res
414 1679 446 1739 in
468 1682 580 1739 statum
603 1679 740 1758 priorem
762 1678 876 1738 iterum
899 1682 1015 1740 mutata
1038 1678 1186 1768 tuerit4).

106 1780 137 1860 §-
149 1778 224 1843 443.
267 1778 412 1857 Denique
437 1778 608 1839 servitutes
631 1790 693 1839 non
717 1775 835 1839 utendo
858 1778 1040 1840 amittuntur
1063 1799 1121 1860 per
1142 1783 1265 1848 modum

62 1885 96 1942 et
120 1885 243 1961 tempus
259 1879 297 1965 ὃ).
341 1878 505 1941 Finiuntur
524 1877 636 1954 tribus,
660 1878 768 1940 decem
789 1878 842 1940 vel
860 1880 974 1961 viginti
987 1882 1077 1943 annis
1090 1900 1147 1961 pro
1161 1901 1267 1946 rerum

63 1984 96 2042 et
120 1996 287 2043 causarum
312 1978 500 2043 differentia.
546 1979 696 2052 Quadam·
716 1980 797 2042 enim
825 1982 997 2042 servitutes
1026 1979 1097 2043 solo
1120 2000 1181 2044 non
1206 2000 1266 2046 usu

62 2080 228 2158 iniuntur,
253 2080 376 2144 scilicet
401 2082 469 2142 iura
489 2080 679 2160 pretiorum
692 2082 892 2157 rusticorum,
916 2079 1117 2143 ususfructus
1134 2089 1165 2144 et
1178 2100 1265 2147 usus.

65 2182 183 2246 Contra
208 2182 383 2244 servitutes
406 2179 596 2261 praediorum
619 2180 807 2242 urbanorum
832 2180 901 2243 solo
924 2197 987 2242 non
1013 2197 1073 2242 usu
1102 2182 1187 2259 eius,
1216 2186 1267 2246 cui

64 2287 257 2364 competunt,
283 2300 346 2344 non
369 2283 607 2363 extinguuntur,
629 2279 685 2343 sed
705 2287 778 2342 tunc
792 2281 927 2358 demum,
952 2298 1021 2342 cum
1037 2282 1084 2344 rei
1097 2284 1267 2346 servientis

64 2384 243 2446 libertatem
268 2383 337 2445 eius
362 2381 505 2445 dominus
525 2382 738 2462 usurpaverit,
765 2387 797 2443 et
812 2383 1045 2470 usueeperitvt.
1078 2381 1268 2447 Pradiornm

64 2485 240 2548 servitutes
263 2500 333 2545 eum
355 2499 412 2562 pro
433 2487 523 2561 parte
544 2483 641 2544 amitti
663 2501 725 2545 non
750 2484 889 2562 possint,
913 2483 1104 2561 retinentur,
1129 2485 1269 2550 simodo

61 2600 148 2647 unus
175 2582 370 2662 dominorum
394 2599 448 2645 eas
473 2583 662 2645 exercuerit.
706 2582 854 2657 Quaedam
875 2585 1066 2660 servitutes,
1088 2585 1186 2648 veluti
1210 2589 1270 2649 ha-

61 2685 176 2748 bitatio
210 2688 241 2746 et
269 2684 332 2745 iter
361 2682 400 2745 ad
429 2682 650 2764 sepulchrum,
683 2702 745 2746 non
775 2684 893 2748 utendo
911 2687 1024 2773 amitti
1055 2697 1216 2766 nequeunt
1229 2688 1267 2774 τ).

62 2786 304 2867 Extinguuntur
326 2784 417 2846 etiam
442 2784 626 2863 servitutes,
649 2786 774 2866 quando
797 2803 849 2849 res
872 2792 1016 2867 tanquam
1039 2787 1139 2849 libera
1153 2787 1191 2850 ab
1207 2805 1268 2850 ex-

62 2892 178 2950 traneo
201 2890 352 2966 usucapta
375 2883 472 2947 fuerit
485 2885 542 2966 ὅ).

100 3115 132 3179 1)
151 3116 196 3166 Fr.
218 3110 243 3166 8.
262 3114 286 3175 ξ.
305 3114 330 3168 1,
349 3116 383 3166 D.
401 3113 427 3177 8,
447 3111 462 3166 1
481 3114 529 3183 (dc
549 3113 658 3182 servit).
678 3119 708 3169 i'r.
729 3115 773 3171 34.
793 3135 832 3185 pr.
851 3117 884 3169 D.
903 3117 929 3181 8,
948 3115 965 3169 3
983 3113 1035 3184 (tit.
1055 3114 1120 3185 eto).

98 3187 129 3252 2)
149 3188 193 3238 Fr.
212 3185 235 3237 1.
261 3188 296 3237 D.
315 3182 341 3249 8,
359 3184 384 3237 6.
403 3187 446 3238 eit.
469 3188 501 3237 fr.
520 3183 563 3238 27.
587 3188 620 3238 D.
642 3186 702 3251 8,3
728 3183 775 3254 (de
791 3189 873 3257 praed.
891 3186 977 3253 rust).
1004 3189 1027 3250 ἓ.
1046 3188 1071 3242 3.
1092 3189 1112 3241 1.
1131 3189 1173 3240 cit.
1191 3191 1223 3242 fr.
1241 3187 1267 3242 4.

60 3263 98 3313 D.
118 3255 145 3322 7,
163 3255 181 3308 9
200 3255 426 3324 (usufructuariae
443 3259 596 3326 quemadm.
616 3256 731 3326 caveat).

98 3327 131 3466 Ξ)
152 3327 209 3452 {¹13
212 3329 260 3452 3t1)
272 3334 320 3468 ξιτ
338 3401 371 3450 D.
382 3398 408 3463 8,
425 3398 442 3450 2
462 3396 512 3465 (tit.
531 3397 596 3467 eit).
614 3404 646 3452 fr.
666 3398 708 3452 17.
727 3403 760 3452 D.
771 3398 797 3465 7,
814 3400 832 3452 4
851 3398 901 3468 (tit.
920 3397 985 3466 cit).
1004 3403 1035 3452 fr.
1046 3397 1071 3451 8.
1091 3400 1114 3461 §-
1127 3399 1150 3453 1.
1169 3402 1203 3451 D.
1213 3399 1268 3464 8,1

61 3470 223 3610 (ἀῖἶῖγέζῖ
242 3542 265 3593 1.
288 3541 331 3592 m.
351 3557 374 3592 ο.
391 3539 434 3593 16.
455 3538 478 3600 s.
498 3538 522 3593 1.
542 3541 571 3592 c.
590 3540 617 3605 a,
635 3538 670 3592 aa
689 3512 739 3607 (aa
758 3538 822 3608 m).
842 3559 865 3594 ο.
887 3540 928 3594 ra.
948 3543 976 3594 o.
993 3542 1019 3606 3,
1038 3540 1081 3594 34.
1101 3543 1143 3594 m.

58 3652 62 3657 ·
100 3613 130 3681 6)
150 3615 193 3666 ur.
212 3611 255 3668 25.
276 3609 320 3663 28.
346 3615 379 3663 D.
397 3608 423 3674 7,
439 3608 467 3664 4.
490 3613 523 3663 fr.
540 3610 567 3664 4.
597 3612 620 3672 §-
640 3611 683 3664 29.
711 3614 744 3663 D.
762 3612 806 3676 41,
826 3612 850 3665 3.
871 3615 913 3666 oit.
938 3615 970 3665 fr.
988 3612 1013 3666 6.
1038 3616 1071 3665 D.
1090 3611 1117 3677 8,
1136 3614 1161 3667 2.
1182 3615 1224 3666 cit.
1243 3618 1270 3665 et

61 3692 96 3742 fr.
115 3685 159 3740 32.
178 3686 202 3746 §.
221 3685 246 3738 1.
266 3684 328 3735 eod.
366 3684 458 3752 Neque
476 3683 518 3734 has
539 3685 695 3736 differentis
715 3685 853 3737 Iustiniani
877 3687 1062 3737 constitutione
1087 3687 1204 3753 explosa
1222 3687 1269 3736 ha-

61 3758 162 3812 bendae
180 3762 250 3810 sunt.

99 3825 130 3895 7)
148 3830 191 3881 Fr.
210 3824 254 3880 18.
271 3827 306 3877 D.
325 3822 352 3888 8,
372 3823 388 3877 3
411 3821 460 3891 (tit.
483 3822 548 3891 cit).
649 3823 678 3892 8)
696 3828 760 3894 Arg.
779 3844 802 3878 o.
822 3826 864 3879 16.
883 3825 907 3888 ἓ.
929 3826 953 3880 1.
972 3828 1002 3881 O.
1020 3826 1046 3890 3,
1064 3825 1107 3879 33.
1127 3829 1170 3879 cit.
