2804 4966
499 308 580 347 um
593 308 622 348 tt.
641 306 710 344 rm
720 306 752 343 11.
770 305 828 344 ΜΡ.
842 304 885 342 ut.
1251 297 1305 353 155

100 438 192 500 civili
212 454 276 501 non
297 434 420 499 valeret
439 441 676 513 testamentum,
710 435 799 498 velut
821 435 904 516 quod
927 436 1042 499 familia
1065 455 1128 500 non
1157 442 1305 518 venierit,

99 542 155 599 aut
177 538 421 619 nuncupationis
444 538 540 600 verba
564 544 695 601 testator
717 536 841 600 locutus
865 556 928 600 non
952 541 1090 628 esset1).

142 637 192 699 lix
221 654 261 700 eo
290 642 433 721 ternpore
457 639 519 702 duo
543 644 800 702 testamentorum
825 656 944 721 genera
973 642 1005 702 in
1028 658 1086 703 usu
1113 643 1221 705 luere:
1254 642 1305 704 al-

104 747 208 804 terum
233 738 347 816 civile,
378 738 462 819 quod
486 740 627 820 quinque
650 739 784 801 testibus
813 740 934 822 signari
963 740 1092 803 solitum
1122 748 1206 819 erat,
1236 760 1305 805 cum

98 841 229 907 solenni
249 842 484 920 nuncupatione
503 847 534 902 et
549 831 688 905 ,famttie'
701 841 947 922 mancipatione;
971 843 1102 904 alterum
1125 844 1305 923 pretorium

97 951 262 1026 ascptem
285 941 420 1005 testibus
443 941 616 1023 signatum:
651 941 753 1004 donee
781 945 812 1002 in
845 940 1084 1004 desuetudinem
1116 941 1304 1006 abeuntibus

98 1045 337 1126 nuncupatione
365 1045 397 1103 et
418 1041 665 1120 mancipatione,
697 1043 728 1103 in
757 1059 848 1103 unam
873 1042 1000 1103 i'ormam
1030 1048 1198 1123 utrumque
1226 1062 1306 1107 con-

95 1145 192 1228 iungi
218 1141 400 1229 coepemtt).
444 1141 517 1203 Haeo
538 1159 578 1203 ex
599 1143 777 1222 principum
805 1143 1081 1204 constitutionibus
1104 1143 1136 1204 in
1164 1161 1202 1206 eo
1224 1162 1305 1207 con-

96 1245 254 1309 sistebat:
288 1248 323 1305 ut
343 1244 494 1323 scriptum
520 1242 663 1304 testantis
687 1260 749 1305 non
774 1242 875 1304 solum
904 1244 1094 1307 intrinsecus
1125 1263 1142 1306 a
1171 1244 1304 1307 testibus

97 1347 369 1425 subscriberetur,
391 1363 502 1409 verum
527 1348 620 1409 etiam
642 1347 782 1408 clausum
805 1348 838 1408 in
867 1345 966 1409 linteo
990 1345 1042 1407 vel
1066 1345 1243 1408 involucris
1266 1346 1304 1409 ab

96 1450 136 1511 iis
169 1449 371 1530 signaretur,
405 1452 437 1508 et
466 1446 776 1527 superscriberetur,
810 1445 924 1508 additis
954 1432 1150 1527 singulorum
1178 1449 1306 1510 testium

94 1548 278 1611 nominibus
302 1549 552 1628 uniuscuiusque
576 1547 742 1630 signaculo
755 1547 796 1630 ³).

141 1650 174 1732 ξ.
187 1649 261 1716 540.
305 1647 493 1711 Novissimis
523 1649 717 1730 temporibus
753 1652 906 1727 praeterea
936 1647 1005 1708 aliae
1033 1648 1168 1710 testandi
1198 1648 1306 1711 lormae

95 1751 129 1812 in
152 1766 217 1813 usu
240 1767 313 1813 esse
336 1756 512 1830 coeperunt,
537 1751 681 1811 nimirum
696 1766 753 1828 per
773 1747 1015 1809 insinuationem
1028 1748 1109 1827 apud
1132 1752 1304 1832 magistra-

95 1855 161 1929 tus,
186 1850 242 1914 vel
265 1869 324 1932 per
344 1850 534 1913 oblationem
564 1850 741 1913 testamenti
769 1849 903 1928 principi
938 1847 1068 1911 iactam:
1101 1866 1171 1928 quae
1203 1857 1305 1914 testa-

94 1957 201 2016 menta
236 1949 385 2014 hodierni
410 1956 594 2013 testamenta
623 1948 747 2028 publico
768 1947 930 2030 appellare
953 1955 985 2010 et
1007 1967 1024 2010 a
1046 1951 1197 2028 privatis,
1229 1954 1250 2014 i.
1274 1972 1303 2016 e.

95 2070 203 2116 coram
227 2053 358 2134 privatis
380 2052 559 2128 celebratis,
583 2051 780 2134 distinguere
797 2048 911 2112 solent.
956 2048 1102 2131 Denique
1114 2052 1302 2117 admonendi

96 2167 218 2230 sumus,
241 2153 388 2236 vulgaria
404 2158 661 2216 testamentorum
674 2151 817 2214 solennia
838 2149 1024 2228 quibusdam
1037 2151 1068 2212 in
1080 2154 1184 2215 causis
1198 2160 1300 2231 aucta,

98 2253 130 2312 in
153 2252 340 2331 quibusdam
363 2252 480 2314 minuta
503 2268 590 2314 esse:
624 2251 737 2330 quibus
759 2253 792 2313 in
814 2250 940 2313 casibus
964 2255 1145 2312 testamento
1169 2254 1301 2332 privile-

99 2350 184 2430 p’oto
205 2352 368 2433 appellare
389 2355 637 2414 consueverunt.

148 2455 179 2534 ἓ.
191 2453 263 2521 541.
308 2453 505 2516 Testamenta
538 2455 637 2536 igitur
658 2453 695 2514 ab
725 2450 887 2514 hodiernis
918 2453 950 2514 in
980 2451 1105 2534 publica
1129 2458 1161 2514 et
1181 2455 1303 2534 privata

106 2549 348 2636 distinguuntur.
393 2553 522 2617 lllorum
543 2571 674 2616 numero
702 2560 776 2615 sunt
805 2558 1023 2616 testamentum
1053 2555 1188 2635 principi
1211 2554 1304 2616 ohla-

108 2655 167 2714 tum
186 2654 238 2717 vel
260 2655 390 2717 adribus
413 2657 565 2736 principis
590 2657 772 2731 intimatum,
795 2660 827 2717 et
838 2660 1057 2718 testamentum
1085 2656 1163 2716 actis
1186 2655 1300 2727 iudicis

112 2751 160 2813 uel
177 2757 365 2838 municipum
393 2756 584 2838 publicatum
606 2757 831 2842 (testamentum
848 2755 1138 2834 octismoptstrotas
1156 2758 1301 2818 insinua-

115 2855 167 2912 tam
184 2872 235 2917 reu
256 2855 424 2945 torticiole).
447 2857 620 2937 Utrumque
642 2856 736 2918 buius
746 2857 923 2919 testamenti
945 2874 1059 2939 genus,
1080 2864 1197 2936 praetcr
1218 2858 1300 2922 hano

116 2955 253 3032 publicam
274 2958 414 3035 sormam,
431 2956 534 3020 nullas
555 2956 632 3019 alias
656 2957 716 3018 sibi
739 2958 840 3038 poscit
863 2956 1067 3020 solennitates
1079 2955 1119 3043 ⁴).

152 3056 252 3137 §.542
294 3057 562 3121 'testamentorum
587 3063 689 3121 autem
710 3059 830 3138 privata
852 3058 1039 3120 auctoritate
1063 3052 1303 3121 condendorum

120 3152 239 3221 solennia
260 3159 327 3221 haeo
349 3165 433 3236 sunt,
457 3163 492 3219 ut
512 3176 615 3221 coram
637 3164 757 3238 septem
780 3158 926 3234 testibus,
951 3157 1098 3221 voluntas
1125 3159 1297 3235 testatoris,

121 3256 236 3338 scriptis,
258 3258 310 3322 vel
332 3260 403 3321 sine
426 3260 551 3340 scriptis
564 3237 753 3321 ‘declaretur
769 3258 807 3349 ⁵).
851 3259 888 3320 Hi
909 3263 1007 3321 testes
1030 3259 1211 3340 specialiter
1242 3279 1300 3322 ro-

121 3357 183 3436 gati,
201 3360 229 3423 h.
252 3378 287 3423 e.·
307 3359 347 3423 ad
369 3359 452 3422 hune
473 3367 593 3438 actum,
626 3366 661 3421 ut
683 3361 893 3423 testimonium
915 3361 1111 3442 perhibeant,
1136 3361 1297 3449 invitant)

126 3500 302 3525 S.-

149 3616 171 3690 1)
189 3625 243 3680 aar.
262 3627 287 3680 a.
307 3627 331 3691 r.
350 3627 419 3693 nm
443 3613 481 3681 al.
500 3627 524 3689 a.
542 3627 603 3682 147.
622 3629 684 3698 urp.
702 3630 800 3681 xxm.
821 3629 846 3681 o.
866 3629 889 3688 s.
910 3630 935 3683 a.
955 3630 975 3679 1.
994 3630 1022 3680 a.
1040 3634 1058 3680 a.
1078 3646 1101 3682 ο.
1121 3628 1147 3682 2.
1169 3630 1198 3683 c.
1221 3627 1247 3694 a,
1264 3627 1299 3683 11

122 3683 159 3754 (dt
173 3694 195 3748 h.
206 3715 277 3766 poss.
296 3716 349 3753 sec.
368 3698 447 3766 tab).
483 3701 579 3753 (tollet.
597 3702 650 3768 leg.
671 3701 781 3754 Mosaio.
799 3701 871 3751 XVI.
890 3698 916 3763 3,
934 3699 958 3750 1.

149 3760 172 3831 2)
185 3769 344 3824 lastinianus
359 3774 387 3824 in
404 3771 427 3832 §-
447 3770 510 3824 3.1.
530 3775 556 3824 h.
577 3777 595 3824 t.
633 3773 749 3835 Quando
773 3774 831 3825 haec
851 3771 971 3824 conlusio
989 3773 1208 3827 testamentorum
1227 3779 1300 3830 facte

124 3831 155 3897 tlt,
171 3838 272 3893 dubium
293 3849 341 3896 ost.
379 3845 410 3896 In
429 3844 643 3896 occidentalibus
661 3845 763 3911 imperii
785 3846 888 3896 romani
905 3843 1038 3909 partibus,
1057 3843 1112 3896 duo
1130 3852 1300 3901 testamento-

122 3917 166 3959 ΝΜ
179 3927 272 3979 ponera
290 3917 433 3982 perplura
451 3917 549 3968 recma
567 3916 648 3966 medii
667 3918 715 3967 aeri
733 3915 825 3967 adhuc
840 3916 922 3967 luisse
942 3914 1047 3977 usitata,
1064 3919 1187 3981 probarit
1203 3938 1227 3972 a.
1248 3922 1299 3972 Sa·

138 3979 144 3992 '
168 4000 196 4048 p,
212 3984 375 4055 Zeitacltrr'st
386 3989 440 4057 fib·
461 3987 624 4040 Gcachicbtt.
639 3987 947 4061 ssocbtawiaaecechost.
970 3990 1032 4036 tom.
1051 3987 1071 4037 1.
1090 4005 1117 4057 p.
1136 3986 1179 4042 78.
1216 3993 1246 4044 0.
1268 3994 1298 4043 0.

122 4044 214 4119 llutos,
235 4054 381 4111 Lohrbuclt
400 4075 426 4124 p.
446 4055 507 4111 719.
978 4078 980 4082 ·

148 4119 170 4189 d)
186 4125 250 4177 Huc
264 4129 361 4180 nostris
381 4129 489 4181 demum
508 4130 670 4195 temporibus
688 4146 723 4181 ex
743 4128 902 4196 quibusdam
925 4132 1144 4182 testamentorum
1168 4132 1300 4205 pxemplis

121 4191 204 4250 adeat
219 4196 501 4267 Horim'opublicatin
519 4202 698 4253 innotuerunt.
717 4204 762 4252 cfr.
782 4202 838 4253 eius
847 4200 948 4267 Papiri
965 4201 1135 4268 duplomatr'ci
1152 4219 1178 4254 n.
1189 4199 1232 4254 74.
1254 4200 1297 4253 75.

121 4265 277 4336 turam,
298 4269 457 4327 dorestatae
477 4275 525 4325 dcc
544 4272 623 4325 Rom.
643 4273 753 4325 Rechts.
773 4279 837 4325 tom.
855 4272 890 4322 Il.
911 4289 937 4337 p.
958 4267 1018 4323 183.
1037 4290 1065 4325 se
1086 4311 1091 4323 .
1112 4279 1138 4325 et
1155 4275 1296 4341 Spemque·

120 4331 175 4405 lota.
190 4339 241 4391 lo.
259 4355 286 4407 p.
293 4337 336 4392 98.
354 4358 410 4412 seq.
429 4344 482 4396 Otr.
501 4344 577 4395 Paul
596 4361 650 4396 reo.
663 4343 735 4396 Seni.
753 4344 799 4396 IV.
818 4344 843 4397 6.
862 4341 886 4402 t.
895 4340 919 4393 1.
936 4346 955 4394 t.
975 4341 1017 4395 22.
1036 4344 1060 4405 ἓ.
1067 4291 1096 4396 l
1107 4347 1139 4396 ir.
1147 4343 1190 4397 30.
1200 4347 1234 4397 D.
1246 4347 1297 4397 h.t.

142 4405 165 4475 4)
183 4408 273 4463 o.19.
291 4411 320 4467 0.
338 4415 366 4467 h.
385 4420 404 4468 t.
504 4410 532 4481 b)
553 4413 577 4477 fi.
595 4414 621 4468 3.
639 4417 661 4468 Ι.
678 4417 705 4468 h.
724 4421 742 4468 t
761 4431 785 4469 o.
799 4413 842 4468 21.
862 4413 891 4466 O.
909 4415 946 4466 ib.

142 4477 167 4548 6)
184 4481 227 4535 Pr·
245 4476 289 4539 21·
309 4483 332 4547 'a
351 4485 384 4555 2⁵:
394 4487 429 4540 D·
444 4485 482 4539 ib·
739 4516 741 4521 “
