2804 4966
97 330 151 387 354
338 357 344 364 ·
416 337 617 375 merrrnrrorrs
637 336 711 375 tuam
730 335 834 373 aornar
854 336 974 372 rrrrarr.

99 479 259 542 restitutio
280 477 443 556 impetrata
467 472 609 554 prodest,
633 471 694 532 nisi
719 470 857 531 scientes
878 470 1131 550 prudentesque,
1156 473 1301 535 consulto

100 578 245 653 consilio,
277 582 312 637 ut
341 574 530 636 creditorem
551 578 658 635 contra
690 572 787 651 ipsam
816 570 848 630 in
885 572 1045 653 integrum
1068 573 1300 634 restitutionem

101 696 248 743 securum
272 680 471 757 prestarent,
494 675 745 735 intercesserunt
756 671 794 760 l).
1269 729 1277 734 ,

141 782 172 861 ξ.
185 778 276 842 1249.
320 777 541 837 Restituuntnr
568 776 703 835 maiores
715 769 799 833 XXV
820 773 922 848 annis,
946 773 974 834 si
997 772 1181 851 reipublice
1206 789 1301 835 causa

100 881 232 953 absunt3
256 880 329 940 item
353 894 393 938 ex
414 874 559 957 generali
586 873 681 936 edicti
703 872 856 949 clausula,
880 875 961 935 etsi
984 874 1023 935 ob
1047 873 1137 934 aliam
1160 873 1216 936 sed
1239 891 1300 934 non

101 986 223 1061 turpem
247 995 372 1041 oausanr
397 976 509 1037 absunt
521 974 566 1061 ²);
590 974 662 1035 inde
681 979 713 1034 et
727 975 886 1036 dementes
905 977 1125 1050 restituuntur,
1149 976 1201 1054 qui
1214 992 1301 1036 sem-

103 1099 160 1162 per
184 1079 297 1143 abesse
321 1077 487 1151 videntur,
511 1077 563 1138 vel
587 1076 630 1151 hi,
655 1093 787 1165 quorum
810 1077 1022 1157 iurapropter
1043 1077 1219 1139 adversarii
1243 1075 1301 1136 ab·

102 1180 233 1242 sentiam
254 1176 330 1239 laesa
352 1181 435 1239 sunt.
480 1174 526 1236 Ex
549 1174 656 1236 eadem
680 1174 820 1237 clausula
853 1183 982 1256 propter
1010 1179 1125 1238 iustum
1159 1194 1301 1239 errorem

101 1296 227 1360 quoque
251 1278 302 1340 vel
324 1283 452 1357 propter
475 1277 681 1358 ignorantiam
707 1281 737 1336 et
757 1278 960 1338 rusticitatem
982 1279 1013 1338 in
1032 1279 1189 1358 integrum
1202 1277 1302 1338 resti-

101 1382 180 1442 tutio
204 1378 399 1440 conceditur.
444 1377 574 1457 Propter
590 1376 701 1455 eapitis
715 1375 948 1439 diminutionem
960 1379 1113 1439 minimam
1127 1378 1300 1440 novissimo

100 1481 171 1541 iure
192 1495 323 1542 romano
346 1493 475 1556 perraro
497 1474 677 1536 necessaria
702 1479 751 1535 est
772 1475 803 1535 in
826 1476 984 1558 integrum
1010 1480 1168 1540 restitutio
1179 1479 1220 1562 ³).

144 1583 174 1661 ξ.
190 1578 282 1644 1250.
327 1576 473 1655 Denique
497 1572 682 1637 admonendi
705 1591 824 1650 sumus,
849 1577 878 1636 in
898 1577 1055 1658 integrum
1068 1579 1300 1641 restitutionem

106 1696 232 1759 quoque
262 1678 365 1740 locum
392 1675 528 1749 habere,
562 1689 630 1736 cum
655 1672 863 1736 alienationes
890 1676 923 1737 in
946 1675 1085 1737 fraudem
1109 1676 1300 1738 creditorum

102 1779 191 1842 laotae
219 1797 276 1859 per
307 1776 484 1839 Paulianam
508 1777 662 1837 actionem
687 1773 910 1853 rescindantur
923 1775 966 1856 4);
996 1775 1022 1835 si
1054 1778 1126 1855 quis
1156 1780 1238 1839 enlm
1268 1779 1301 1839 in

103 1877 245 1942 fraudem
271 1877 461 1939 creditorum
484 1893 550 1936 rem
570 1893 657 1937 suam
681 1875 774 1938 alicui
796 1875 969 1952 tradiderit,
994 1877 1085 1939 bonis
1105 1880 1172 1939 eius
1196 1896 1303 1941 aore-

102 1980 258 2042 ditoribus
280 1996 319 2041 ex
340 1979 495 2040 sententia
519 1979 721 2060 magistratus
740 1980 910 2056 possessis,
933 1981 1122 2057 permittitur
1135 1981 1213 2059 ipsis
1227 1999 1304 2042 cre-

103 2080 258 2142 ditoribus
281 2080 418 2141 rescissa
441 2079 609 2140 traditione
631 2097 696 2141 eam
719 2097 783 2140 rem
805 2085 914 2158 petere
935 2079 956 2139 i.
978 2098 1006 2140 e.
1030 2079 1135 2140 dicere
1155 2098 1303 2143 eamrem

102 2179 245 2242 traditam
274 2197 337 2240 non
369 2186 495 2242 esseet
517 2179 557 2241 ob
581 2180 611 2241 id
634 2180 776 2242 inbonis
801 2179 954 2241 debitoris
980 2180 1132 2241 mansisse
1143 2180 1183 2264 ⁶).
1228 2181 1305 2245 llaee

101 2282 182 2343 actio
206 2280 352 2343 Pauliana
371 2281 558 2366 vocaturi).

139 2382 170 2445 Si
192 2383 262 2461 quis
286 2382 518 2457 alienationem,
541 2381 649 2443 iudicii
672 2381 808 2442 mutandi
825 2398 918 2442 eausa
942 2383 973 2442 in
993 2381 1132 2444 fraudem
1156 2388 1298 2446 nostram

100 2484 186 2558 fecit,
210 2488 242 2545 et
264 2483 451 2545 iudiciorum
476 2484 591 2544 exitum
616 2482 689 2544 inde
710 2483 868 2563 duriorem
892 2483 982 2544 nobis
1007 2487 1183 2559 constituit,
1208 2485 1298 2546 nulla

101 2587 133 2647 in
145 2585 304 2665 integrum
318 2584 477 2645 restitutio
498 2583 601 2660 datur,
618 2583 717 2645 sedin
732 2585 845 2646 laetum
860 2586 941 2646 actio
956 2587 1044 2662 tanti,
1068 2587 1173 2665 quanti
1187 2591 1298 2647 nostra

95 2684 253 2758 interluit,
277 2683 372 2747 alium
395 2683 611 2746 adversarium
636 2700 693 2765 nos
717 2700 779 2745 non
802 2684 973 2770 traheret).

94 2806 295 2817 ..n—u·—

131 2856 158 2925 1)
178 2860 221 2911 Fr.
243 2859 268 2911 3.
286 2863 309 2923 ξ.
328 2859 354 2910 4.
374 2862 405 2910 ir.
425 2859 467 2912 13.
487 2876 526 2925 pr.
544 2861 577 2912 D.
596 2857 622 2921 4,
641 2858 658 2911 4
679 2857 716 2926 (h.
735 2857 775 2924 1.).
794 2857 878 2913 feto.
898 2859 953 2918 §.3.
971 2862 1005 2912 D.
1025 2858 1069 2924 46,
1087 2859 1104 2911 3
1125 2857 1173 2924 (de
1192 2856 1297 2924 solut).

90 2932 196 2982 Paulus
214 2945 266 2981 ree.
287 2936 352 2982 sent.
372 2932 392 2981 I.
411 2931 435 2984 9.
456 2930 478 2989 §-
498 2929 522 2981 6.
541 2948 564 2982 a.
581 2931 728 2996 Varaperour
747 2930 770 2989 ἓ.
791 2928 849 2982 183.
868 2936 933 2981 nota
954 2931 977 2980 1.

132 2998 159 3066 2)
178 3002 240 3067 Dig.
260 3000 287 3062 4,
304 3001 329 3053 6.
352 3003 417 3053 (lod.
439 3001 463 3062 2,
481 2999 516 3053 54
537 2999 584 3068 (ex
603 3002 673 3070 quib.
693 3005 780 3055 eaueie
798 3003 913 3054 maiores
931 3002 1009 3053 XXV
1023 3003 1099 3053 annia
1115 3003 1144 3052 in
1164 3002 1299 3067 integrum

97 3069 289 3201 respituppgur).
327 3073 418 3125 Verba
437 3072 518 3123 odioti
538 3076 618 3125 refert
636 3075 668 3124 fr.
689 3073 713 3125 1.
733 3074 756 3135 ξ.
778 3074 801 3125 1.
825 3076 858 3125 D.
880 3074 906 3124 h.
927 3079 945 3124 t.
982 3092 1006 3125 o.
1026 3073 1173 3140 Vaaqerow
1192 3072 1215 3131 ἓ.
1237 3071 1298 3125 188.

98 3148 124 3194 et
160 3180 166 3191 .
240 3180 246 3192 .
309 3192 311 3197 ,

133 3210 161 3277 3)
183 3213 226 3263 Fr.
249 3212 273 3264 2.
293 3214 326 3262 D.
345 3211 370 3275 4,
392 3212 405 3263 1
428 3208 473 3275 (de
489 3212 517 3261 in
535 3213 628 3277 integr.
647 3211 750 3279 restit).
786 3211 816 3280 4)
835 3216 894 3280 Dlg.
914 3213 940 3278 4,
960 3214 977 3267 5
997 3212 1043 3281 (de
1062 3214 1149 3278 eapite
1166 3213 1297 3279 minutis).

134 3281 161 3348 5)
181 3285 242 3351 Dig.
259 3282 303 3347 42,
324 3281 349 3334 8.
371 3281 437 3336 cod.
457 3278 483 3345 7,
503 3280 538 3335 57
557 3281 625 3350 (quae
646 3285 673 3336 in
690 3285 814 3338 fraudem
833 3287 994 3338 creditorum
1012 3291 1089 3352 gesta
1107 3288 1177 3347 eunt,
1195 3293 1225 3337 ut
1243 3303 1296 3338 ree-

96 3357 234 3407 tituuntur.
271 3373 295 3406 a.
319 3354 465 3423 Venperow
484 3355 531 3404 III.
551 3353 573 3412 ἓ.
593 3351 653 3407 697.

131 3424 159 3489 6)
181 3426 203 3485 ἓ.
223 3424 248 3477 6.
267 3428 288 3476 I.
307 3425 334 3488 4,
350 3425 366 3477 6
386 3425 433 3491 (de
452 3425 624 3491 actionibus).

130 3495 159 3562 7)
178 3498 239 3565 Dig.
258 3495 285 3561 4,
304 3495 328 3548 7.
348 3498 416 3549 (lod.
434 3495 460 3560 2,
481 3494 516 3549 55
543 3494 590 3562 (de
609 3499 770 3551 alienatione
792 3498 847 3552 iud.
874 3499 1097 3550 mutandorum
1120 3491 1215 3558 faeta).
1248 3496 1296 3545 olr.

96 3567 340 3635 mmeffi
