2804 4966
571 312 650 349 urana
672 311 709 348 rr.
729 312 785 353 ear.
798 312 828 352 n.
1243 304 1296 360 333

139 437 238 502 1161.
284 437 549 511 Quemadmodum
570 437 711 519 pupillus
733 458 803 502 cum
827 445 931 502 tutore
954 441 1048 503 habet
1070 426 1298 505 6611666616-

91 537 171 630 telae
193 536 363 615 directam,
393 539 434 599 ita
458 544 543 600 tutor
566 557 635 600 cum
658 539 779 620 pupillo
804 540 898 602 habet
914 542 1068 603 actionem
1090 544 1298 605 contrariam:

94 657 169 719 quae
193 640 342 719 competit
365 640 461 701 tutori
485 639 570 701 linito
593 639 708 715 ollicio,
733 642 855 703 etiamsi
874 639 983 702 tutele
1002 642 1120 726 iudicio
1142 661 1204 705 non
1218 662 1300 726 aga-

94 746 162 817 tur,
188 741 325 803 tortasse
349 741 421 820 quia
445 740 566 820 pupillo
580 741 624 802 nil
646 741 779 803 debetur
789 742 827 826 1).
872 740 949 804 Cum
969 761 1006 804 ea
1026 745 1074 804 rei
1096 744 1299 823 persecutio-

95 861 171 906 nem
183 843 353 916 contineat,
374 847 527 920 perpetua
541 847 599 916 est,
621 841 773 904 etheredi
785 847 880 921 atque
892 844 924 903 in
942 843 1088 906 heredem
1103 840 1300 922 caeterosque

96 959 307 1006 successores
328 939 468 1026 datum).
514 939 608 1002 Venit
622 947 724 1003 autern
746 942 778 1002 in
803 942 863 1004 hoc
884 942 1045 1018 iudicium,
1072 943 1222 1024 quidquid
1245 949 1299 1004 tu-

96 1048 150 1108 tor
167 1061 226 1125 pro
244 1041 355 1123 pupilli
378 1060 525 1122 persona,
547 1043 644 1103 rebus
666 1047 719 1103 aut
733 1044 871 1125 negotiis
893 1044 1054 1124 impendit,
1076 1045 1215 1107 volutisi
1237 1044 1300 1106 ali-

96 1151 202 1206 menta
227 1143 256 1205 ei
280 1143 434 1223 prestitit,
457 1141 510 1203 vel
532 1149 673 1222 sumptus
695 1141 759 1205 litis
775 1142 861 1220 lecit,
883 1147 1044 1232 caetera³).
1066 1145 1141 1206 ltem
1166 1145 1194 1206 si
1215 1149 1301 1205 tutor

97 1262 157 1326 pro
180 1241 303 1324 pupillo
325 1260 361 1305 se
385 1242 550 1324 obligavit,
574 1243 669 1305 habel
691 1246 879 1308 contrariam
903 1247 1067 1319 actionem,
1091 1250 1300 1324 etantequam

98 1344 257 1429 selvam),
280 1361 424 1405 necnon
447 1343 487 1405 de
510 1362 548 1406 eo
562 1388 570 1418 ,
584 1343 685 1424 -quod
709 1345 740 1406 in
761 1363 827 1407 rem
852 1343 964 1425 pupilli
986 1363 1112 1408 versum
1137 1351 1205 1421 est,
1226 1351 1300 1406 ante

99 1444 232 1514 tutelam
255 1443 308 1506 vel
330 1450 402 1524 post
423 1443 550 1506 tutelam
562 1443 601 1530 5).
624 1442 835 1524 consequitur
858 1450 943 1506 tutor
957 1446 1134 1526 pecuniam,
1159 1446 1186 1506 si
1209 1462 1300 1524 quam

99 1545 139 1608 de
161 1561 222 1607 suo
245 1546 450 1624 consumpsit,
462 1561 530 1605 cum
544 1545 662 1620 usuris,
685 1546 831 1623 quoniam
844 1545 934 1608 bonae
946 1545 1019 1607 iidci
1035 1545 1185 1608 iudicium
1200 1552 1250 1608 est
1261 1547 1298 1627 6).

141 1649 173 1728 ξ.
186 1643 279 1708 1168.
323 1643 374 1706 Ad
396 1645 570 1724 exemplum
592 1646 725 1707 actionis
747 1644 855 1707 tutelae
874 1645 1053 1708 introducta
1076 1650 1125 1707 est
1145 1648 1226 1708 actio
1247 1651 1302 1706 tn-

100 1745 174 1808 telae
196 1744 307 1821 utilis,
334 1761 405 1825 quae
427 1745 572 1807 daturin
595 1751 759 1808 curatores
784 1748 840 1821 iis,
868 1748 922 1826 qui
952 1748 984 1807 in
1009 1747 1172 1808 curatione
1201 1753 1301 1819 erant,

100 1845 237 1910 eundern
264 1845 427 1922 induem,
460 1847 550 1907 cuius
575 1864 668 1908 causa
699 1847 862 1908 arbitrium
885 1845 991 1908 tutele
1020 1846 1174 1908 directum
1198 1844 1301 1908 locum

99 1945 254 2033 6666116
280 1947 420 2008 venitin
443 1946 521 2009 utile
536 1947 643 2008 tutelae
664 1947 812 2008 iudicium
837 1946 919 2008 idem
942 1945 1026 2026 quod
1049 1946 1143 2007 estin
1160 1945 1301 2008 directo:

100 2052 132 2110 et
154 2047 306 2110 deductio
330 2046 424 2109 debet
445 2046 514 2108 lieri
539 2048 618 2122 eins,
640 2047 724 2126 quod
748 2052 876 2108 curator
897 2048 928 2107 in
950 2064 1002 2108 res
1023 2045 1235 2107 adolescentis
1248 2045 1299 2107 vel

100 2149 214 2212 furiosi
238 2148 390 2227 impendit
401 2148 440 2235 ⁸).
464 2148 496 2211 Si
520 2154 648 2210 curator
669 2150 711 2209 sil
731 2147 784 2209 vel
803 2147 916 2227 pupilli
940 2146 991 2208 vel
1014 2145 1226 2209 adolescentis
1249 2144 1301 2207 vel

100 2249 215 2312 furiosi
235 2248 286 2312 vel
309 2248 448 2330 prodigi,
471 2247 637 2310 dicendum
662 2254 727 2322 est,
752 2248 843 2309 etiam
866 2247 914 2308 his
939 2247 1129 2308 contrarium
1151 2245 1301 2310 iudicium

101 2349 178 2412 utile
199 2365 274 2410 esse
296 2347 441 2410 dandum.
493 2347 577 2410 ldem
605 2349 638 2408 in
658 2352 805 2410 curatore
829 2348 950 2409 ventris
973 2349 1059 2409 etin
1082 2348 1215 2428 reliquis
1241 2364 1301 2410 cu-

99 2449 261 2512 ratoribus
283 2447 477 2528 probandum
500 2454 549 2510 est
563 2448 599 2530 9).

141 2554 174 2634 ξ.
188 2551 283 2615 1169.
327 2549 467 2629 Antiquo
490 2550 559 2611 iure
581 2567 709 2611 romano
732 2549 908 2632 legatariis,
929 2566 987 2629 pro
1003 2549 1100 2611 variis
1122 2549 1300 2631 legatorum

101 2649 295 2734 generibus,
321 2648 458 2711 diversis
485 2649 660 2711 actionibus
687 2648 835 2711 utendum
861 2655 945 2711 erat:
978 2667 1048 2710 narn
1070 2651 1122 2710 cui
1146 2667 1205 2729 per
1226 2651 1301 2711 vin-

101 2749 290 2812 dicationem
311 2749 449 2832 1666166
473 2755 560 2826 erat,
582 2750 777 2813 vindicabat:
807 2753 861 2832 qui
882 2770 940 2833 per
961 2753 1198 2828 damnationem,
1220 2770 1302 2815 eon-

101 2849 243 2912 dicebat:
268 2849 301 2910 iu
323 2847 430 2930 legato
454 2866 513 2930 per
532 2852 774 2931 preceptionem
795 2851 918 2914 familie
940 2852 1157 2929 herciscundae
1170 2852 1299 2928 iudicio,

102 2956 133 3012 et
158 2948 475 3012 fideicommissorum
487 2950 613 3012 nomine
625 2950 874 3013 extraordinaria
887 2952 1111 3031 persecutione
1126 2952 1302 3031 experiun-

101 3050 174 3113 dum
198 3046 329 3135 erat10).

143 3149 338 3213 lustininnus
359 3157 461 3212 autem
493 3149 625 3213 sublatis
647 3154 768 3214 veteris
797 3154 876 3215 iuris
899 3152 1099 3228 differentiis,
1121 3151 1222 3214 tribus
1243 3171 1301 3214 ac-

102 3250 241 3314 tionibus
278 3249 442 3332 legatariis
478 3256 509 3312 ct
537 3251 836 3315 fideicommissariis
873 3256 1054 3334 prospexit,
1088 3252 1301 3315 vindicatione

105 3350 241 3426 scilicet,
266 3350 426 3429 personali
449 3368 488 3412 ex
508 3356 693 3414 testamento
707 3355 842 3425 actione,
854 3360 887 3416 et
901 3354 1123 3434 hypothecaria
1136 3353 1188 3438 11).
1212 3352 1302 3425 Quo-

103 3466 165 3531 quo
188 3450 282 3514 modo
306 3451 406 3533 igitur
424 3452 566 3534 legatum
590 3460 655 3531 est,
672 3455 700 3515 si
727 3472 780 3516 res
804 3454 980 3536 corporalis
1004 3456 1115 3517 relicta
1139 3454 1201 3529 sit,
1230 3469 1300 3533 quae

138 3685 165 3755 1)
184 3689 229 3741 Fr.
250 3689 274 3741 1.
294 3688 318 3748 §.
338 3687 364 3742 3.
383 3686 410 3741 8.
431 3692 463 3742 ir.
483 3688 508 3741 2.
531 3692 563 3741 D.
583 3690 647 3742 61.
721 3687 749 3756 2)
768 3691 810 3742 Fr.
833 3689 858 3744 3.
881 3691 903 3751 ἓ.
926 3691 950 3745 9.
969 3693 1001 3743 fr.
1021 3688 1046 3743 5.
1066 3691 1099 3741 D.
1120 3689 1181 3741 eod.

135 3757 164 3825 3)
182 3761 228 3812 Fr.
249 3759 274 3812 2.
295 3778 334 3828 pr.
356 3759 379 3820 6.
399 3760 488 3812 1.-3.
509 3761 542 3812 D.
563 3757 606 3824 27,
624 3762 648 3814 2.
665 3765 696 3814 fr.
717 3762 741 3814 1.
762 3762 785 3822 6.
806 3760 832 3813 8.
852 3761 876 3814 9.
896 3764 928 3813 D.
950 3760 994 3827 27,
1015 3761 1032 3814 3
1055 3761 1103 3827 (de
1120 3766 1167 3814 tut.
1187 3762 1298 3813 vclrat.

108 3829 173 3884 dest.
195 3828 270 3897 act).
291 3849 313 3884 6.
330 3829 355 3884 3.
377 3832 406 3884 (l.
428 3830 454 3896 6,
471 3829 506 3885 31
525 3829 574 3898 (111.
595 3834 658 3896 611).
1133 3866 1135 3883 .

136 3900 409 3965 tineamus
510 3901 874 3968 6)66.666.οοᾱ

137 3972 165 4039 6)
184 3976 229 4026 Fr.
248 3973 274 4026 3.
296 3973 363 4034 §.L
384 3973 408 4027 6.
430 3975 461 4023 D.
481 3973 508 4021 6.
529 3980 547 4025 1.
570 3991 592 4025 6.
612 3973 637 4026 2.
661 3975 689 4025 G.
711 3972 737 4036 5,
755 3974 792 4027 44
811 3975 957 4042 (detulit
979 3972 1148 4039 dandrml.

140 4041 1000 4110 tluraoatuntoacosstnraunr

140 4113 296 4182 mures
317 4103 1165 4185 116163266113961826761166)

138 4185 165 4252 9)
184 4189 230 4239 Fr.
250 4186 275 4240 1.
295 4187 318 4247 6.
338 4186 363 4238 2.
382 4189 416 4238 D.
434 4188 461 4237 h.
483 4192 502 4238 t.
540 4190 624 4255 comp
626 4189 673 4240 etit
695 4190 766 4240 actio
790 4192 956 4258 negotiorum
974 4199 1117 4259 gestorum.
1134 4189 1166 4239 fr.
1186 4184 1212 4238 3.
1231 4183 1254 4242 §-
1274 4182 1299 4236 5·

106 4255 180 4322 1³3,
201 4255 284 4324 olda
302 4273 354 4327 666
355 4264 391 4311 61.
410 4254 512 4325 6.66116)
640 4299 642 4303 .

109 4326 164 4396 10)
185 4330 245 4382 Gal.
266 4330 291 4382 2.
312 4330 328 4391 6
336 4277 417 4384 ⁸194.
437 4327 497 4381 204.
516 4328 577 4383 213.
597 4330 657 4386 219.
676 4327 737 4382 278.

124 4397 215 4465 illc.
237 4399 261 4452 1.
281 4401 311 4454 0.
331 4398 411 4465 6,43
431 4399 575 4467 (commun
586 4400 720 4469 legator..)
757 4402 893 4470 Experto
911 4402 1059 4468 irnperatcr
1080 4406 1184 4453 66661116
1203 4396 1300 4451 66166·

109 4473 335 4525 mtusccnrultum
354 4471 543 4525 Neronianum.
1247 4509 1249 4513 <
