2804 4966
99 286 132 339 12
411 289 611 330 rnsrrrurronus
630 289 704 328 ruam
723 289 828 328 nonunt
850 291 968 333 narrum.

141 429 169 509 ξ.
180 426 231 490 39.
277 426 374 509 Agris
400 422 543 488 colendis
571 425 662 505 primi
685 423 813 485 Romani
845 425 974 503 operam¹
994 423 1166 503 dederunt,
1203 446 1303 511 nequa

96 528 306 612 ignominiosa
331 527 396 589 haee
417 533 447 588 et
467 527 661 607 principibus
687 527 864 605 occupatio,
894 525 965 587 dum
988 526 1059 588 cive
1081 526 1233 593 Romano
1256 532 1302 593 in-

95 629 184 712 digni
206 628 401 691 habebantur
423 626 542 690 sordidi
566 629 780 707 operariorum
805 632 953 705 quaestus.
998 626 1144 690 Pecuniae
1171 634 1208 691 et
1230 632 1301 694 artis

69 729 255 827 ‘scribendi
279 728 360 808 apud
383 746 438 791 eos
461 727 584 814 usnsl).

142 851 171 929 ξ.
183 847 234 911 40.
278 846 525 926 Antiquissimus
550 849 652 907 autern
675 845 721 905 rei
746 841 890 906 Romane
912 850 1010 906 status
1033 845 1084 906 bic
1108 852 1192 908 erat.
1243 848 1302 912 Una

96 949 175 1010 urbe
200 947 349 1009 universa
371 948 481 1007 civitas
504 945 740 1017 continebatur3
773 945 855 1006 unde
887 963 1005 1008 morum
1029 965 1064 1007 ac
1085 948 1166 1010 iuris
1193 956 1301 1029 posteo

95 1048 257 1129 aequalitas
279 1053 311 1109 et
336 1046 548 1109 conformitas.
594 1046 727 1108 Ordines
751 1047 866 1106 civium
891 1048 1011 1126 patricii
1037 1066 1105 1110 curn
1130 1049 1301 1114 clientibus

95 1154 161 1213 suis
185 1153 216 1210 et
238 1148 340 1228 plebs.
384 1147 475 1210 Servi
495 1149 526 1209 in
549 1145 746 1230 singulorum
770 1145 920 1221 dominio,
944 1149 1025 1209 sicut
1048 1148 1130 1228 apud
1154 1149 1299 1232 reliquos

96 1249 292 1329 antiquitatis
306 1247 453 1327 populos,
465 1249 644 1309 manumissi
659 1252 759 1308 autern
773 1247 930 1308 civitatem
945 1249 1161 1328 acquirebant.
1186 1250 1301 1336 Magno

96 1352 156 1412 viri
180 1352 212 1410 in
234 1347 397 1409 mulierem
420 1349 451 1408 in
475 1365 594 1411 manum
618 1349 646 1409 ei
667 1347 766 1435 datam
789 1348 951 1429 patrisque
969 1349 1099 1410 familias
1121 1351 1154 1411 in
1180 1350 1301 1424 liberos

99 1454 251 1531 potestas,
277 1454 428 1528 perpetua
451 1448 645 1524 feminarum,
670 1449 742 1510 item
766 1447 958 1528 impuberum
984 1448 1079 1510 tutela
1094 1448 1139 1536 ²),
1163 1459 1302 1533 agnato-

98 1568 166 1613 rum
189 1566 283 1612 causa
302 1551 469 1611 constituta
481 1551 521 1637 3).
565 1550 656 1612 lnitio
680 1550 843 1632 aregibns
856 1550 1091 1632 gubernabatur
1106 1553 1303 1634 respublica,

98 1650 180 1732 apud
207 1667 285 1730 quos
307 1652 483 1715 iurisdictio
508 1658 539 1714 ct
561 1653 734 1732 imperium.
787 1651 920 1715 Senatus
954 1672 970 1714 a
995 1653 1137 1733 patribus
1168 1672 1303 1738 compo-

97 1753 189 1826 situs,
212 1752 301 1812 cuius
323 1769 439 1815 summa
463 1755 650 1826 auetoritas3
673 1754 703 1813 in
727 1753 859 1814 comitiis
884 1754 1023 1828 curiatis,
1046 1754 1077 1814 in
1101 1754 1224 1833 quibus
1249 1775 1303 1838 pa-

101 1858 165 1914 tres
189 1870 325 1933 regnase
348 1852 505 1930 videntur,
531 1853 622 1936 leges
646 1852 767 1938 (populi
789 1855 910 1938 iussus)
936 1852 1128 1915 ferebantur.

142 1972 234 2054 §.dn
280 1969 352 2032 llaec
377 1972 578 2051 patriciorum
602 1969 774 2052 eligarchia
796 1969 929 2032 a'lullio
952 1989 1031 2052 rege
1054 1971 1302 2050 temperabatur.

98 2073 158 2136 llio
181 2073 262 2156 enim
287 2073 343 2134 toti
365 2071 483 2152 populo
516 2073 708 2133 maiestatem
734 2071 833 2133 datam
858 2073 978 2148 voluit,
1011 2071 1188 2152 prudenter
1213 2073 1304 2135 ordi-

98 2180 167 2236 nata
190 2170 363 2252 republica,
385 2189 483 2233 censu
506 2172 649 2233 instituto
674 2177 705 2233 et
727 2173 861 2233 comitiis
884 2173 1078 2234 centuriatis.
1122 2171 1200 2234 blox
1225 2191 1303 2236 vero

99 2292 194 2357 reges
218 2272 360 2353 expulsi,
390 2273 488 2335 libera
518 2270 596 2334 lacta
622 2271 819 2352 respublica,
850 2273 887 2334 ab
918 2274 1029 2334 annuis
1061 2273 1303 2355 magistratibus

100 2374 285 2458 gubernata.
338 2372 461 2435 Summa
491 2391 568 2435 vero
591 2373 705 2435 exinde
727 2374 809 2435 inter
831 2373 979 2454 patricios
1003 2372 1196 2453 plebemque
1223 2395 1303 2439 con-

101 2477 209 2536 tentio.
254 2473 327 2536 Post
349 2473 450 2553 plebis
474 2481 575 2536 autem
598 2476 812 2536 secessionem
834 2475 865 2535 in
889 2479 1024 2536 montem
1050 2491 1173 2536 sacrum
1203 2476 1305 2540 liber-

99 2581 145 2638 tas
165 2593 182 2636 a
201 2581 312 2636 senatu
335 2575 363 2636 ei
387 2574 520 2651 reddita,
545 2581 575 2636 et
595 2574 654 2636 sub
678 2575 875 2636 tribunorum
898 2572 1000 2654 plebis
1022 2574 1120 2636 tutela
1146 2575 1304 2639 collocata

101 2681 158 2738 est.
203 2673 293 2736 Nunc
318 2674 433 2736 tributa
457 2668 579 2737 comitia
614 2694 649 2738 ac
673 2675 837 2756 plebiscita
862 2676 1094 2755 sequebantur,
1127 2693 1200 2756 qnae
1234 2698 1305 2742 mox

101 2777 285 2838 universum
307 2774 457 2856 populum
483 2775 755 2862 devinciebant4).

144 2891 236 2975 §.42
281 2890 391 2971 Neque
416 2909 493 2954 vero
526 2892 589 2955 illis
618 2893 743 2974 publica
776 2909 836 2973 pax
865 2910 901 2953 ac
932 2890 1033 2971 plebis
1064 2890 1194 2955 libertas
1228 2896 1305 2957 satis

101 2992 218 3054 firmata
242 2991 418 3068 videbatur,
443 3010 511 3055 cum
535 2995 737 3074 patriciorum
766 2991 914 3072 superbia
941 2997 972 3054 et
995 2991 1131 3068 invidia,
1157 2992 1306 3058 domina-

100 3093 216 3154 tionem
240 3093 374 3154 civitatis
399 3093 458 3154 sibi
486 3093 658 3170 vindicans,
678 3113 745 3156 eam
759 3093 936 3174 opprimere
953 3098 1106 3172 perpetuo
1128 3091 1303 3157 laboraret.

103 3192 181 3255 Hinc
201 3192 318 3273 publici
340 3195 518 3275 privatique
541 3196 620 3256 iuris
643 3196 780 3270 vexatio,
804 3194 875 3255 dum
892 3193 965 3276 lege
986 3193 1110 3255 tandem
1123 3192 1180 3254 Xll
1194 3191 1304 3256 Tabu-

103 3292 203 3355 larum
224 3293 318 3354 totius
341 3293 448 3374 populi
469 3297 556 3358 iussu
579 3294 805 3358 aDecemviris
829 3293 901 3370 lata,
924 3285 1028 3356 mutua
1050 3294 1140 3374 quasi
1163 3297 1303 3357 omniurn

103 3391 246 3454 ordinum
278 3395 440 3473 pactione,
475 3394 668 3474 reipublicae
698 3395 879 3456 constitutio
915 3393 1055 3473 quaedam
1095 3398 1126 3454 et
1158 3393 1304 3457 universi

104 3493 182 3554 iuris
204 3491 332 3554 firmitas
356 3499 387 3554 et
408 3493 563 3557 stabilitas
586 3497 786 3558 sancirentur
797 3495 838 3582 ⁶).
892 3494 925 3555 ln
951 3495 999 3555 bis
1020 3494 1078 3555 Xll
1101 3492 1229 3556 Tabulis
1254 3497 1304 3557 ius

102 3591 197 3654 civile
208 3591 415 3655 Romanorum
439 3596 569 3675 primum
595 3597 773 3658 accuratius
787 3595 955 3672 delinitum,
979 3607 1072 3674 quum
1091 3601 1193 3656 tamen
1216 3612 1304 3675 prae-

103 3696 152 3753 ter
175 3710 227 3753 eas
260 3695 409 3755 maiorum
440 3713 566 3772 mores,
598 3696 751 3776 equibus
775 3695 906 3778 plurima
929 3697 961 3756 in
982 3694 1040 3756 Xll
1062 3694 1189 3758 Tabulis
1213 3717 1304 3778 prae-

102 3795 230 3874 scripta,
255 3813 401 3876 peraeque
423 3797 669 3861 custodirentur.
695 3830 696 3833 π
722 3796 746 3858 E
766 3796 883 3859 Graecia
908 3797 1000 3858 iniis
1025 3797 1077 3858 vel
1092 3812 1220 3878 parum,
1250 3797 1303 3861 vel

103 3948 299 3960 ——--.......

102 4109 109 4122 ι
130 4030 166 4122 01.)
185 4037 251 4087 Plin.
274 4038 342 4090 Hist.
364 4043 421 4090 nat·
440 4037 483 4090 33.
506 4037 546 4091 13.
596 4040 682 4090 Varro
704 4037 738 4089 de
756 4054 786 4089 re
805 4044 868 4092 rust.
888 4040 923 4091 11.
942 4037 967 4091 2.
1017 4037 1169 4090 Columella
1186 4040 1233 4091 lib.
1257 4043 1305 4106 vl,

101 4111 242 4244 mxliv.
263 4175 305 4228 34.
327 4177 352 4229 2.
373 4179 467 4231 Cicero
485 4196 533 4246 pro
552 4181 680 4244 Muraena,
698 4178 806 4246 oap.12.
862 4177 891 4239 3)
914 4181 973 4233 uait
988 4182 1050 4233 luat
1074 4178 1184 4241 §siud

136 4245 165 4314 4)
184 4249 243 4300 Lir.
262 4247 364 4302 nuno.
387 4250 510 4303 vunnu.
548 4253 659 4318 Dionys.
678 4251 768 4303 Halic-
788 4253 834 4304 XI.
843 4249 889 4304 45.
917 4253 1078 4319 Pomponius
1098 4252 1121 4312 §-
1130 4249 1154 4302 8.
1182 4253 1214 4303 A.
1231 4254 1305 4308 Gell.

102 4320 165 4457 va)
179 4318 358 4527 ffl⁹s·)11§t,49,
376 4390 420 4454 31,
440 4390 483 4455 33,
502 4390 545 4445 34·
588 4393 742 4447 (liobrado
762 4394 900 4459 republica
919 4381 959 4457 1'1,
984 4392 1027 4446 36.
1070 4395 1235 4460 Pomponius
1254 4394 1305 4463 (da

105 4476 167 4528 orig.
184 4480 247 4518 runs
298 4500 304 4512 .
335 4499 341 4513 .
