2798 4972
540 1250 770 1331 Pnnllllo.

104 1607 223 1691 Elapso
248 1603 361 1690 viginti
383 1606 522 1690 quinque
544 1629 712 1689 annorum,
741 1609 818 1673 inde
847 1633 866 1673 a
891 1609 1021 1694 vulgata
1053 1611 1144 1679 tertia
1169 1635 1261 1675 msu-

64 1732 225 1773 rurmsuu
260 1731 341 1771 runis
368 1732 487 1771 nouam
508 1730 650 1773 mearum
678 1708 834 1791 editione,
857 1709 976 1795 spatie,
1016 1721 1125 1795 quarta
1151 1734 1261 1778 earum

65 1809 204 1875 editione
226 1830 305 1894 opus
329 1808 470 1872 sutorum
485 1830 566 1890 osse,
592 1831 630 1872 eo
643 1808 877 1893 minusputari,
906 1808 991 1894 quod
1013 1809 1090 1874 iuris
1112 1831 1262 1897 compen·

65 1909 126 1989 dia,
151 1931 220 1993 quae
242 1917 404 1990 vocantur,
425 1908 521 1974 latino
544 1931 693 1973 sermono
708 1894 825 1994 scripta
845 1909 943 1975 hodie
965 1931 1038 1974 raro
1060 1913 1165 1974 inusu
1179 1918 1262 1976 sunt.

62 2008 184 2072 Praeter
209 2007 481 2094 exspecta-tionem
500 2030 606 2072 meam
628 2009 735 2094 itaque
761 2009 839 2072 mihi
862 2008 985 2090 accidit,
1009 2019 1043 2073 ut
1066 2009 1108 2075 A.
1129 2011 1262 2078 Marsus

63 2109 241 2195 bibliopola
264 2107 454 2188 Bonnensis,
479 2108 566 2172 cuius
591 2108 772 2194 sumptibus
794 2108 887 2173 tertia
908 2109 984 2174 libri
1006 2109 1069 2174 mei
1092 2120 1160 2175 erat
1182 2112 1263 2176 facta

65 2208 172 2291 editi0,
193 2208 270 2275 mihi
291 2206 459 2289 nuntiaret,
481 2206 604 2293 reliqua
626 2230 694 2293 quau
710 2208 873 2272 habuisset
895 2207 961 2272 eius
988 2208 1138 2296 exempla
1157 2210 1264 2274 novis·

65 2308 151 2373 simis
175 2309 263 2373 annis
286 2307 319 2371 in
343 2309 461 2372 exteris
485 2310 577 2373 terris
602 2319 714 2375 cuncta
730 2331 801 2374 esse
813 2308 951 2392 vendita,
972 2309 1031 2374 sed
1043 2309 1148 2376 adhuc
1170 2310 1264 2376 etiarn

67 2413 105 2476 ab
125 2409 195 2495 ipso
219 2408 325 2493 expeti
348 2409 464 2492 solere,
489 2431 623 2495 eamque
649 2411 689 2474 ob
711 2409 877 2491 rationem,
900 2419 935 2474 ut
955 2432 1071 2475 novam
1093 2411 1267 2476 editionem

66 2532 222 2595 pararem,
249 2531 338 2577 ame
351 2519 486 2596 peteret.
513 2509 692 2576 Certiorem
713 2511 799 2576 idem
821 2532 873 2574 me
896 2510 981 2592 feeit,
1004 2521 1039 2577 ut
1063 2511 1140 2576 olim
1159 2512 1193 2576 in
1212 2534 1265 2576 va-

66 2612 121 2678 riis
142 2609 407 2677 Universitatibus
429 2611 555 2698 Belgii‚
586 2612 777 2696 Hollandise,
804 2612 996 2697 Germaniae,
1018 2613 1141 2697 Galliae,
1168 2615 1264 2680 Polo·

66 2713 127 2777 niae
152 2722 183 2777 et
202 2710 324 2794 Daniae,
346 2711 389 2777 ita
410 2735 496 2778 nuno
517 2713 550 2777 in
571 2714 755 2779 Academiis
769 2714 943 2802 Hispaniae,
969 2715 1185 2803 Portugalliae,
1208 2718 1266 2780 im-

66 2813 149 2900 perii
172 2811 375 2884 Brasiliensis
396 2835 540 2879 necnon
561 2813 595 2878 in
618 2814 707 2879 Italia
731 2823 763 2878 et
783 2815 815 2878 in
833 2816 954 2902 Anglia
976 2815 1059 2882 libro
1084 2837 1157 2880 meo
1182 2815 1265 2882 duce

67 2914 189 2981 romani
211 2911 288 2977 iuris
302 2913 425 2981 scholas
450 2914 562 2979 haberi
582 2915 700 2979 solere.
741 2914 790 2978 Eo
819 2915 980 2981 lubentius
1005 2925 1110 2980 autom
1135 2915 1185 2979 his
1210 2935 1266 3001 op-

68 3016 140 3081 tatis
163 3013 292 3078 editoris
315 3034 462 3080 assensus
484 3037 564 3096 sum,
591 3037 661 3079 cum
683 3014 848 3101 persuasio
869 3014 947 3079 mihi
969 3015 1072 3097 fieret,
1093 3035 1146 3079 me
1171 3035 1209 3079 ea
1230 3034 1268 3079 re

68 3115 289 3202 suscipienda,
319 3114 541 3201 promovendo
573 3115 650 3180 iuris
681 3119 803 3181 romani
840 3116 944 3180 studio
974 3125 1005 3180 et
1028 3114 1266 3181 Germanorum

69 3215 428 3282 iurisconsultorumde
452 3235 490 3279 eo
515 3215 627 3279 merita
648 3215 735 3301 apud
759 3225 887 3280 exteros
909 3212 1131 3302 patefaciendo
1152 3211 1266 3305 utilem

71 3339 203 3403 operam
225 3339 351 3384 navare.
394 3316 546 3402 Denique
568 3316 623 3381 tali
644 3318 740 3382 modo
762 3319 824 3382 iam
845 3327 918 3383 ante
941 3315 1150 3401 quadraginta
1167 3334 1266 3380 annos

72 3444 90 3484 a
118 3440 170 3483 me
197 3427 344 3503 suscepto
376 3417 511 3500 muneri,
541 3425 577 3480 ut
599 3418 639 3482 de
661 3416 799 3482 scientiae
822 3416 1021 3484 Germanicae
1049 3414 1201 3480 fructibus
1237 3420 1269 3478 et

72 3519 298 3604 progressibus
320 3518 397 3584 alias
418 3519 562 3584 nationes
585 3520 764 3602 edocerem,
792 3520 955 3605 hodieque
977 3519 1051 3583 satis
1080 3519 1185 3583 facero
1216 3537 1268 3582 me

73 3642 170 3704 posse
193 3613 382 3705 cogitabam.
423 3620 612 3685 Existimavi
632 3619 742 3707 igitur,
762 3619 859 3685 officii
873 3620 937 3684 mei
959 3640 1040 3700 esse,
1063 3627 1099 3681 ut
1119 3617 1198 3681 iuris
1219 3639 1270 3681 ro-

73 3720 158 3784 mani
188 3728 368 3805 praecepta,
401 3719 505 3805 qualia
525 3721 624 3785 hodie
646 3730 720 3807 post
742 3721 923 3784 innumeras
954 3719 1209 3785 elucubrationes
1240 3726 1272 3782 et

76 3821 197 3886 criticas
224 3819 474 3904 disquisitiones,
503 3819 687 3901 historica,
716 3842 785 3905 quae
819 3818 942 3901 dicitur,
965 3818 1270 3884 iurisconsultorum

81 3922 314 3992 eermmmm
333 3919 470 3999 ecbola,
498 3927 573 3987 sunt
604 3919 732 4004 quidem
755 3929 843 3984 eruta
873 3928 905 3983 et
924 3941 1011 3983 nunc
1032 3918 1204 3996 docentur,
1237 3915 1271 3977 in

77 4028 228 4105 quantum
251 4019 328 4083 mihi
348 4018 479 4082 veritate
500 4018 557 4081 niti
578 4019 736 4101 videntur,
759 4019 793 4083 in
817 4020 902 4085 libro
924 4041 995 4083 meo
1020 4037 1218 4104 exponerem
1239 4021 1270 4077 et

74 4120 116 4184 ad
138 4140 250 4182 verum
271 4117 461 4204 descriptam
484 4118 658 4205 imaginem
679 4121 757 4184 iuris
777 4118 901 4185 romani
921 4117 1019 4183 hodie
1040 4116 1126 4204 apud
1147 4135 1204 4177 nos
1224 4111 1269 4174 vi·

74 4223 180 4309 gentis
205 4221 379 4309 disciplinae
402 4222 574 4288 cultoribus
583 4223 677 4287 huius
700 4222 797 4288 studii
819 4223 1052 4287 adumbrarem.
1095 4214 1167 4295 Qua
1187 4211 1268 4276 inre

75 4323 153 4390 iuris
178 4322 279 4389 civilis
302 4346 399 4409 quum
420 4345 529 4387 veram
552 4332 584 4388 et
598 4323 770 4410 genuinam
783 4325 917 4388 formam
928 4320 1093 4385 studerem
1104 4331 1268 4392 revocare,

74 4448 141 4492 non
163 4425 270 4492 solum
291 4424 324 4489 in
344 4423 479 4510 siugulis
493 4423 632 4490 articulis
646 4422 835 4506 scribendis,
862 4420 968 4507 quoad
979 4416 1051 4486 fieri
1064 4414 1176 4503 potuit,
1199 4411 1269 4497 ipsa
