2804 4966
559 302 748 344 trasonucrro.
1220 292 1254 347 11

52 436 132 499 toria
155 442 205 499 est
225 435 408 519 repetenda,
431 436 562 515 eiusque
590 435 745 500 elementa
768 452 807 497 ex
832 435 961 517 ingenio
975 433 1196 512 Romanorum,
1218 453 1254 496 ao

53 538 155 619 primo
175 540 223 601 rei
243 554 381 600 romanae
403 542 485 600 statu
507 537 704 600 illustranda.

97 639 190 720 §.tt
234 638 324 703 Primi
348 638 437 700 urbis
454 637 557 701 Rome
577 639 688 701 incolae
707 656 747 700 ex
770 637 865 700 variis
880 636 976 699 ltalia
999 637 1167 719 gentibus,
1198 655 1261 700 0οη

54 745 127 800 tavo
148 744 219 801 ante
243 738 398 800 Christum
418 739 552 814 saeculo,
583 741 613 800 in
635 740 692 801 hac
716 739 855 813 civitate,
879 736 1071 800 cortiluxisse
1095 736 1253 800 videntur.

54 838 216 902 Maximam
245 844 365 920 partem
386 838 506 915 Latini,
537 839 632 903 Roma
663 841 694 902 in
718 839 806 903 Latio
825 840 902 915 sita,
940 838 1043 902 Sabini
1068 844 1099 899 et
1129 834 1275 924 Etrusci¹

55 938 156 1000 fuere.
212 938 249 1000 lli
272 941 408 1001 omnium
439 944 502 1001 tum
527 941 676 1020 temporis
699 939 799 1003 ltaliae
822 938 1010 1020 populorum
1040 938 1256 1016 eruditissimi,

55 1039 287 1123 religionibus,
320 1040 440 1109 artibus
474 1059 510 1102 ac
532 1039 707 1121 disciplinis
739 1047 770 1102 et
801 1039 958 1122 singulari
987 1041 1109 1121 ingenii
1139 1041 1253 1122 vigore

55 1140 284 1205 excelluerunt.
309 1139 356 1202 lix
369 1140 415 1202 his
436 1141 598 1221 permulta
623 1147 736 1224 gentes
757 1143 826 1203 sive
845 1140 1112 1203 iamiliaeadvenae
1131 1139 1255 1203 nobiles

56 1248 86 1307 et
109 1241 267 1324 opulentae
289 1244 322 1303 in
346 1260 427 1304 nova
450 1243 528 1305 urbe
551 1244 710 1323 principes
735 1242 854 1318 luisse,
886 1261 922 1304 ac
942 1243 1030 1305 initio
1052 1242 1110 1304 sub
1134 1247 1256 1323 patrum

55 1342 181 1405 nomine
204 1340 357 1403 summam
373 1342 404 1402 in
420 1343 547 1404 civitate
564 1345 735 1422 potentiam
757 1342 905 1405 habuisse
920 1341 1079 1417 videntur,
1100 1360 1169 1405 cum
1188 1358 1252 1403 cae-

55 1442 116 1502 teri
140 1458 180 1502 ex
203 1442 299 1519 variis
322 1441 401 1504 locis
422 1444 534 1522 inopes
559 1459 642 1523 saepe
655 1443 761 1525 refugi
782 1443 814 1504 in
837 1443 959 1523 plebem
975 1443 1106 1524 recepti,
1127 1442 1255 1504 civitate

55 1541 175 1615 donati,
198 1546 313 1621 praeter
335 1559 479 1622 personae
501 1543 693 1623 dominiique
721 1543 918 1620 libertatem,
952 1543 1047 1606 nullis
1074 1543 1141 1605 iere
1164 1541 1255 1605 irue-

54 1647 166 1704 rentur
187 1643 377 1725 privilegiis,
397 1661 500 1723 neque
526 1643 589 1706 ulla
611 1644 736 1724 publica
756 1650 922 1724 potestate.
966 1643 1053 1707 Unde
1076 1645 1107 1707 in
1119 1643 1255 1705 Romana

54 1740 219 1825 republica
242 1742 503 1805 totlitruscorum
524 1762 643 1807 morum
666 1763 702 1806 ac
719 1746 932 1807 institutorum
947 1744 1095 1826 vestigia,
1122 1741 1255 1806 utDco-

55 1860 124 1903 rum
147 1843 263 1919 cultus,
289 1845 368 1906 ritus
393 1845 486 1920 sacri,
513 1846 707 1908 comitiorum
730 1845 984 1926 iudiciorumque
1008 1845 1139 1933 ord01).

99 1948 130 2027 ξ.
145 1944 195 2008 38.
239 1944 393 2007 Excelsus
415 1953 518 2009 autem
541 1953 600 2023 cst,
624 1946 727 2023 fortis,
750 1964 878 2008 suorum
900 1947 1133 2023 tenacissimus,
1157 1955 1255 2026 perc-

58 2048 150 2129 griua
175 2051 383 2132 ‹tontemnens'
398 2047 506 2128 populi
528 2048 656 2110 Romani
677 2049 808 2125 animus,
833 2049 934 2110 omnia
959 2048 1109 2109 virtutum
1134 2063 1253 2129 genera

57 2159 212 2208 exercens
225 2147 270 2233 2);
293 2151 451 2231 praecipue
473 2155 579 2211 sancta
604 2150 632 2211 ei
656 2149 745 2227 fides,
770 2156 833 2212 tum
847 2149 1003 2230 privatim,
1028 2153 1091 2210 tum
1115 2145 1253 2228 publice,

56 2252 88 2310 et
109 2252 249 2310 sanctum
272 2249 498 2330 iusiurandum,
520 2250 616 2311 mirus
638 2251 765 2328 iustitiae
788 2257 819 2312 et
840 2250 994 2311 libertatis
1017 2265 1114 2324 amor,
1136 2263 1254 2309 summa

54 2351 87 2409 in
109 2339 238 2430 pa'triam
260 2351 381 2430 pietas,
415 2352 446 2412 in
477 2350 562 2412 bollo
595 2350 746 2413 fortitudo
777 2370 813 2413 ac
846 2350 1035 2433 religionum
1062 2347 1253 2410 reverentia.

57 2447 124 2509 Hoc
153 2449 261 2532 populi
289 2451 451 2532 ingenium
482 2468 521 2511 ex
553 2451 695 2512 omnibus
725 2450 864 2512 moribus
895 2447 1030 2531 publiois
1059 2447 1255 2529 privatisque

55 2549 207 2610 institutis
230 2555 357 2630 totaque
383 2551 513 2613 historia
537 2553 671 2614 emicare
695 2551 849 2613 videmus.
894 2550 955 2614 Sed
977 2551 1009 2611 in
1027 2550 1127 2611 victos
1145 2547 1254 2609 hostes

54 2649 201 2711 Romanis
226 2651 359 2727 saevitia,
382 2644 520 2714 crudelis
543 2659 651 2715 contra
669 2651 829 2714 debitores
853 2657 884 2714 et
908 2668 1063 2733 pauperes
1085 2647 1254 2722 acerbitas,

26 2756 30 2767 “
55 2749 142 2812 nulla
159 2750 341 2828 liberalitas,
368 2753 516 2832 superbia
532 2759 639 2816 contra
662 2753 739 2815 alias
755 2759 879 2836 gentes,
903 2753 970 2814 dira
987 2748 1167 2814 dominandi
1192 2766 1252 2809 cu-

55 2851 142 2932 pido,
167 2851 288 2912 animus
312 2857 345 2912 ut
369 2855 473 2915 avite
494 2853 635 2930 mollitie,
659 2855 704 2915 sic
725 2873 742 2915 a
764 2855 877 2936 grecis
890 2853 1008 2915 artibus
1024 2852 1199 2915 abhorrens
1213 2848 1253 2933 ³).

55 2995 124 3049 libro
147 2993 244 3061 gallica
264 2993 360 3058 scripto
381 2997 485 3045 etcum
504 2993 585 3046 variis
612 2993 803 3048 additamentis
822 2995 957 3047 Bruxellis
983 3008 1053 3045 anno
1072 2988 1142 3044 1836
1166 2989 1255 3058 publi·

55 3069 125 3126 cato,
144 3065 189 3131 qui
207 3064 369 3116 inscribitur:
389 3063 515 3116 Histoire
527 3073 640 3116 saeternae
654 3067 692 3117 dc
712 3067 785 3118 droit
802 3071 918 3129 romain,
937 3066 999 3116 item
1016 3065 1044 3115 in
1058 3064 1127 3113 libro
1146 3075 1253 3130 germa-

54 3137 115 3187 nico
135 3151 256 3186 sermono
274 3135 435 3202 composito:
460 3135 604 3190 Vorsehule
624 3135 673 3187 oisc
693 3136 894 3190 Imitationem
912 3139 973 3190 nod
981 3135 1152 3187 Panaciam.
1174 3133 1253 3183 Frei-

56 3203 219 3274 10191839.
263 3208 465 3273 Elegantissime
481 3207 553 3260 idem
580 3213 764 3274 argumentum
790 3210 914 3260 tractauit
941 3207 1022 3260 (1.11.
1042 3206 1160 3268 Puchto,
1191 3203 1254 3254 dum

54 3279 154 3330 viveret
166 3279 215 3328 iur·
227 3281 293 3345 proi.
304 3279 484 3332 Berolinensis
503 3280 531 3330 in
543 3293 636 3346 opere:
658 3281 760 3333 Ourios
774 3281 822 3332 der
833 3278 1034 3333 Institutionum
1052 3282 1115 3326 tom.
1126 3277 1147 3327 1.
1186 3275 1254 3325 luris

54 3349 160 3400 romani
177 3350 322 3413 historiam,
341 3365 398 3418 quae
421 3355 447 3400 et
465 3351 579 3416 origines
598 3354 624 3399 et
643 3351 841 3403 vicissitudines
860 3351 1024 3417 singulorum
1040 3348 1104 3399 iuris
1124 3347 1254 3398 instituto·

54 3437 114 3472 rum
136 3427 269 3485 annarret,
288 3422 315 3473 in
328 3423 451 3473 omnibus
463 3421 644 3473 suisnumeris
655 3428 681 3472 et
690 3423 811 3488 partibus
822 3425 957 3490 expletam
972 3420 1119 3487 publicavit
1137 3419 1255 3470 celeber-

54 3493 136 3544 rimus
154 3492 302 3544 Bonnensis
326 3493 530 3545 Iurisconsultus
551 3491 748 3546 Fordioomdtss
772 3495 892 3557 Wolter3
916 3498 1021 3544 constat
1041 3492 1147 3543 duobus
1176 3489 1255 3541 tomis

54 3563 162 3614 titulum
179 3579 233 3628 prae
251 3565 458 3616 sciscentibus:
486 3563 644 3615 (iesebichts
673 3566 720 3616 des
745 3567 896 3617 romischera
916 3565 1018 3616 Rechts
1041 3565 1080 3615 bis
1099 3563 1151 3630 auf
1171 3558 1255 3612 Iusti-

53 3637 132 3688 0100.
151 3631 176 3684 2·
196 3633 265 3700 Auri.
286 3636 368 3686 Boon
387 3638 432 3687 hei
446 3634 478 3684 A.
501 3634 621 3687 Morcus.
642 3633 718 3687 1846.

89 3701 118 3770 4)
139 3705 231 3757 Cicero
259 3706 293 3757 de
315 3707 452 3772 republica
467 3707 514 3761 lib.
534 3707 569 3757 11.
613 3708 677 3759 Inst.
700 3706 720 3770 l,
740 3704 757 3757 2
776 3702 901 3772 (titali).
934 3705 993 3759 (iai
1015 3707 1079 3759 Inst.
1093 3701 1117 3754 1.
1139 3696 1252 3763 §.1-7.

53 3776 216 3842 Pomponius
233 3777 321 3828 inFr.
340 3774 364 3827 2.
401 3779 435 3828 D.
456 3774 479 3828 1.
499 3775 516 3827 2
535 3777 583 3842 (de
601 3778 702 3844 origine
719 3778 801 3842 iuris).
838 3770 1117 3838 1101160061-248.
1150 3775 1253 3840 Magos

91 3914 118 3984 1)
139 3919 179 3968 Ita
201 3917 342 3971 Niebuhr:
372 3918 450 3970 R'o'm.
472 3919 646 3983 Geschiehte,
674 3924 736 3971 tom.
759 3919 779 3968 1.
822 3919 898 3972 Loca
922 3921 966 3971 hic
992 3917 1152 3986 pertinentia
1177 3918 1251 3966 suut:

53 3990 177 4056 Dionysii
196 3990 402 4040 Halicarnassaei
426 3990 458 4038 L.
473 3991 520 4052 IX,
547 4006 569 4041 0.
589 3988 614 4042 5.
638 3991 726 4041 Lini.
748 3987 773 4042 8.
801 3990 847 4041 111.
868 3990 911 4043 36.
948 3992 1043 4042 Festus
1060 3990 1093 4039 V.
1128 3986 1251 4037 Rituales

54 4061 124 4112 libri.
170 4060 224 4122 out
240 4060 419 4113 resentissime
437 4062 576 4113 historiam
593 4062 744 4113 Romanam
763 4066 958 4126 tractaverunt,
976 4065 1090 4127 negant,
1114 4060 1182 4110 inter
1202 4057 1252 4121 pri-

53 4147 113 4183 mos
131 4132 219 4182 Romae
237 4132 331 4183 incolis
351 4132 477 4184 Etruscos
498 4133 675 4200 praevaluisse.
696 4133 735 4184 Gi·
756 4134 919 4201 Schwepisr,
940 4135 1072 4186 romische
1092 4129 1253 4182 Geschicbis

57 4204 200 4268 Titbingsn
220 4199 296 4256 1853.
316 4220 360 4269 pp.
380 4199 434 4255 oto
453 4209 479 4254 et
496 4201 556 4255 668.

91 4270 119 4338 2)
137 4274 267 4339 Polybius
286 4271 382 4326 vtts
401 4273 523 4326 XXII-3.
563 4273 667 4326 Gellius
682 4275 741 4326 xx„
757 4273 782 4325 1.
820 4275 914 4328 Cicero
935 4274 969 4325 de
990 4272 1084 4324 oitioiis
1102 4270 1125 4320 1.
1147 4266 1190 4330 133
1207 4265 1253 4319 20.

54 4343 215 4395 Tusculana
234 4349 323 4413 quaest.
344 4346 363 4394 I.
385 4342 409 4394 2.

91 4413 123 4482 3)
140 4415 231 4468 omero
252 4416 286 4467 de
304 4415 398 4469 officiis
416 4417 436 4466 l.
454 4413 501 4478 42,
514 4416 605 4484 ibique
626 4416 745 4471 (iareim
763 4413 859 4487 pato.
896 4416 1007 4482 Dionys.
1018 4413 1106 4467 Helio.
1119 4413 1152 4464 IL
1174 4406 1249 4463 058·

58 4471 177 4540 Brmsati
193 4489 330 4554 Oposcuto
342 4487 472 4555 philolog.
489 4504 514 4554 p.
525 4483 568 4538 42.
717 4500 718 4505 ’
1142 4526 1145 4531 .
