2804 4966
160 295 197 352 80
485 305 683 343 institutione
704 306 777 344 tultis
797 307 900 346 nolum
919 308 1040 346 servan.

166 436 268 500 nendo
291 452 399 498 earum
422 434 559 499 dominio
581 436 802 517 dispiciamus:
827 435 884 499 sed
908 455 976 500 cum
999 436 1199 521 plerumque
1223 457 1279 503 eas
1297 457 1358 503 nos

164 543 228 600 tras
254 537 397 613 facimus,
424 537 548 617 quando
572 554 678 599 earum
700 540 934 619 possessiouem
958 538 1042 600 nacti
1063 556 1202 617 sumus,
1228 541 1315 621 prius
1331 541 1359 602 de

166 637 359 719 acquirenda
373 644 404 700 et
419 637 584 701 amittenda
604 639 810 718 possessione
827 637 978 701 dicamus.
1012 637 1070 701 Est
1087 645 1200 702 autem
1212 642 1359 722 possessio

163 757 217 801 res
240 739 334 801 lacti:
370 758 439 802 nam
463 740 629 820 possidere
652 731 786 816 dicitur,
821 741 963 819 quirem
993 739 1199 821 corporalem
1229 743 1360 823 potestati

163 858 230 902 sua>
251 841 293 903 ita
315 841 487 903 subiectam
510 840 614 916 hahet,
637 846 672 901 ut
694 842 754 921 ipsi
778 841 916 903 exclusis
939 841 1082 903 omnibus
1108 842 1151 904 de
1176 861 1217 907 ea
1240 842 1280 905 ad
1301 841 1360 904 lili·

163 946 228 1003 tum
253 941 441 1022 disponendi
465 943 506 1003 sit
529 941 673 1004 facultas.
707 940 784 1003 Cum
805 947 908 1004 autern
929 940 1061 1004 ellectus
1084 960 1158 1005 curn
1183 943 1249 1006 hoe
1271 943 1359 1024 possi·

163 1042 260 1105 dcndi
285 1043 369 1106 lacto
392 1043 462 1104 iure
485 1043 550 1104 sint
572 1044 744 1118 coniuncti,
767 1043 980 1122 possessionis
1002 1046 1219 1125 notioatque
1241 1043 1359 1120 indolet,

163 1145 233 1205 eius
263 1142 431 1223 acquisitio
462 1143 514 1205 vel
542 1143 668 1206 amissio
700 1143 877 1205 accuratius
907 1162 923 1205 a
952 1143 1199 1208 iurisconsultis
1229 1144 1359 1209 Romanis

165 1243 302 1307 definitae
322 1248 407 1319 sunt,
431 1249 465 1303 ut
487 1261 523 1305 ea
548 1243 608 1305 iarn
632 1260 695 1305 non
718 1243 791 1306 lacti
816 1242 937 1322 solum,
961 1244 1016 1307 sed
1040 1246 1122 1309 iuris
1147 1263 1284 1328 quoque
1303 1261 1359 1309 esst

162 1343 285 1407 dicatur
297 1344 336 1430 ¹).
1317 1403 1321 1412 .

206 1448 236 1528 5.
250 1443 321 1509 996.
367 1442 582 1507 Possessiouis
605 1449 708 1506 autem
731 1444 862 1508 ellectus
883 1444 1045 1508 multifarii
1061 1453 1148 1525 suut,
1176 1453 1216 1509 ut
1226 1448 1357 1530 deincqa

163 1549 196 1609 in
218 1545 354 1627 siugulis
375 1544 455 1607 locis
479 1542 677 1606 videbimus:
700 1544 850 1610 hocloco
872 1547 1046 1627 presertim
1063 1546 1225 1610 duosuut
1238 1547 1357 1622 notandi,

165 1646 235 1708 iura
259 1644 347 1709 civili
369 1646 538 1726 usucapio,
570 1647 639 1708 iure
660 1649 809 1726 praetorio
833 1648 1019 1725 interdicta,
1048 1648 1133 1711 iuste
1155 1651 1356 1731 possidente!

162 1748 292 1810 tuentia.

205 1848 320 1930 §.292
366 1833 442 1911 lude
475 1849 611 1913 diverse
644 1851 857 1932 possessionis
890 1851 1122 1915 distinctiones.
1170 1851 1215 1914 Et
1248 1851 1354 1934 proprie

165 1951 292 2032 quidem
314 1948 455 2030 possidet
477 1952 523 2027 is,
559 1953 613 2031 qui
638 1969 703 2012 rem
725 1950 935 2032 corporaliter
958 1950 1125 2027 detinens,
1160 1953 1262 2016 simul
1282 1953 1354 2016 nata

167 2054 313 2128 animum,
338 2069 404 2112 earn
424 2051 484 2113 sihi
505 2057 646 2141 ut'suam
670 2052 796 2114 tenendi
807 2072 816 2128 ;
840 2058 1037 2115 cumcontra
1058 2052 1114 2131 qui
1134 2055 1213 2116 sine
1226 2055 1354 2137 hoopro·

165 2154 271 2235 posito
293 2152 353 2214 sibi
378 2152 670 2242 subiectamhabet
691 2168 776 2230 rem,
812 2156 839 2217 is
862 2154 1069 2235 corporaliter
1096 2171 1158 2217 seu
1187 2155 1353 2220 naturalitas

166 2259 285 2317 tantum
310 2252 394 2316 illam
419 2253 596 2334 possidere,
620 2254 672 2318 vel
697 2257 728 2317 in
750 2257 818 2318 eius
840 2257 1044 2336 possessione
1068 2272 1155 2334 esse,
1178 2274 1243 2321 seu
1262 2257 1353 2320 nudm

166 2358 236 2417 eius
268 2355 480 2418 detentionem
511 2356 628 2418 habere
658 2356 830 2443 dicatur2).
875 2355 958 2419 Vero
990 2360 1174 2437 possessori
1208 2357 1353 2421 interdictu

166 2473 318 2520 concessa
339 2463 423 2533 sunt,
447 2459 501 2537 qui
523 2458 550 2519 si
572 2476 612 2519 ex
631 2459 712 2522 iusta
734 2475 828 2521 causa
850 2460 1016 2540 possidere
1036 2459 1184 2540 coeperit,
1206 2472 1352 2524 remsuan

164 2558 225 2619 sibi
251 2559 322 2619 iure
344 2559 526 2638 acquisitam
550 2565 682 2639 putans,
706 2559 862 2638 civiliter,
884 2562 906 2622 i.
928 2581 956 2623 e.
980 2560 1018 2623 ad
1040 2561 1277 2642 usucapionem
1295 2572 1352 2641 pot·

162 2658 255 2721 sidet.
313 2657 402 2722 Unde
431 2660 583 2723 naturalis
619 2662 831 2742 possessionis
860 2663 929 2724 sive
960 2661 1052 2724 nudae
1083 2663 1132 2723 rei
1164 2660 1352 2733 detentionit,

164 2759 378 2840 possessionis
401 2763 529 2842 proprie
552 2763 598 2824 sio
618 2761 720 2839 dicte,
745 2769 776 2824 et
798 2763 903 2825 civilis
927 2762 1143 2844 possessionis
1159 2760 1352 2840 distinctu)

164 2859 224 2933 Qui
247 2878 283 2922 re
307 2878 383 2924 vcra
408 2845 561 2940 possidet,
585 2881 690 2943 neque
713 2882 791 2927 vero
815 2862 965 2941 civiliter,
990 2867 1021 2925 et
1042 2863 1069 2924 is
1088 2861 1268 2942 aliquando
1279 2867 1352 2927 natu·

164 2960 275 3024 naliter
302 2961 469 3041 possidere
492 2963 655 3051 dicitur4).

207 3064 238 3144 5.
251 3062 323 3127 298.
367 3062 521 3127 Preterea
542 3064 757 3149 distinguitur
772 3066 856 3128 iuste
878 3065 931 3128 vel
953 3066 1082 3141 iniuste,
1105 3063 1193 3128 bona
1215 3066 1273 3130 uel
1292 3061 1353 3128 malt

166 3162 227 3225 lide
258 3163 433 3244 possidere.
477 3165 596 3228 lniuste
613 3166 778 3246 possidet,
803 3167 857 3246 qui
881 3166 924 3242 vi,
948 3165 1025 3227 clam
1048 3169 1102 3226 aut
1124 3170 1276 3246 precario
1294 3180 1355 3248 pot·

164 3266 339 3327 sessionem
362 3271 472 3328 nactus
496 3265 596 3352 esti).
640 3266 719 3329 llala
745 3266 805 3330 lide
828 3285 905 3329 vero
928 3266 1091 3348 possidet,
1125 3266 1182 3346 qui
1208 3269 1355 3332 sciensso

164 3498 210 3554 lib.
228 3493 254 3547 4.
274 3495 316 3548 15.
335 3493 358 3554 ἓ.
378 3491 403 3546 5.
423 3493 447 3546 6.
466 3495 500 3544 D.
519 3490 563 3555 41,
581 3491 660 3558 9166
680 3497 779 3564 acquir.
798 3497 841 3547 vel
860 3496 941 3546 amitt.
960 3491 1151 3561 possessione).
1170 3493 1253 3560 (1.7,
1272 3489 1355 3559 6961

165 3580 243 3635 aequ.
261 3573 288 3619 et
303 3567 378 3618 retin.
398 3563 491 3632 poss).
529 3563 670 3632 Sequimur
684 3569 712 3618 in
730 3567 891 3634 exponenda
916 3569 968 3617 heo
987 3567 1051 3618 iuris
1068 3571 1144 3632 parte
1163 3568 1311 3633 praaerdm
1324 3576 1353 3615 oe

165 3639 298 3691 laberrimi
322 3639 449 3703 Soaiqne‘a'
470 3637 504 3688 de
530 3637 697 3703 possessione
723 3656 790 3705 opus
816 3635 897 3701 1836,
931 3639 1029 3690 sexties
1055 3638 1243 3704 publicatum,
1273 3636 1354 3706 gallicu

164 3727 270 3763 versum
280 3716 349 3760 auat.
362 3712 482 3776 Bauinp,
494 3704 572 3760 1840.
590 3709 655 3760 Eius
672 3711 797 3776 analysin
807 3710 934 3776 gallicam
943 3709 1138 3776 publicavimus
1146 3709 1252 3763 Leonti
1262 3702 1353 3763 1827.ss

165 3783 278 3849 Anglioe
288 3782 340 3832 hoc
351 3781 510 3847 opuseulum
526 3781 603 3833 vertit
614 3783 735 3848 Oualsinq
743 3782 871 3835 Bostonii.
909 3781 961 3832 on.
972 3787 998 3832 et
1010 3780 1121 3848 Muqna,
1138 3782 1158 3832 l.
1172 3797 1198 3833 e.
1218 3770 1353 3837 392-424

201 3852 290 3918 1)Fr.
311 3852 335 3904 1.
354 3850 376 3911 §-
396 3850 420 3904 3.
440 3854 471 3902 ir.
490 3850 534 3903 49.
553 3870 591 3919 pr.
612 3851 635 3911 ἓ.
655 3851 679 3903 1.
698 3856 732 3905 D.
750 3855 777 3904 h.
798 3858 816 3905 t.
834 3855 865 3903 fr.
878 3850 920 3904 53.
939 3855 973 3905 D.
983 3850 1055 3915 41,1
1077 3850 1158 3917 (dea
1196 3842 1352 3909 ‚randoml

200 3922 229 3990 2)
248 3926 292 3975 Fr.
309 3921 351 3975 10.
371 3921 394 3982 §-
413 3921 437 3974 1.
454 3925 486 3974 fr.
506 3921 550 3976 49.
570 3923 593 3983 ἓ.
613 3923 637 3975 1.
657 3926 686 3975 11.
706 3924 732 3977 3.
751 3925 774 3985 ἓ.
791 3924 816 3977 3.
835 3927 867 3975 fr.
886 3921 928 3976 24.
949 3921 979 3975 D.
997 3926 1024 3975 h.
1043 3927 1062 3973 1.
1081 3925 1113 3975 fr.
1132 3867 1215 3976 944).
1232 3922 1295 3989 6,1
1318 3918 1352 3985 ((11

165 3996 205 4049 rei
226 3991 322 4059 vind.)
341 3993 364 4053 ἓ.
383 3991 462 4046 4-κ6.
482 3995 502 4046 Ι.
521 3992 601 4058 4,15
622 3991 668 4057 (de
685 3991 854 4061 interdictis).
872 3997 903 4047 fr.
923 3995 947 4047 1.
968 3994 990 4056 ἓ.
1008 3992 1052 4047 23.
1072 3991 1104 4047 Ι).
1123 3992 1170 4059 43,
1190 3993 1226 4048 16
1251 3992 1302 4063 (de
1317 3985 1350 4055 ti)

165 4070 198 4120 ir.
215 4067 241 4121 3.
262 4066 285 4128 ἓ.
305 4061 329 4117 8.
351 4061 382 4117 D.
400 4062 445 4128 43,
462 4063 501 4117 171
516 4063 566 4131 (uti
585 4065 747 4131 possidetis).

200 4138 229 4206 3)
248 4138 382 4191 Invenitur
406 4137 463 4189 haeo
490 4137 621 4188 distinctio
645 4138 674 4188 in
695 4143 726 4192 tr.
747 4138 772 4191 3.
797 4138 820 4199 ἓ.
841 4135 882 4191 15.
911 4135 941 4188 D.
963 4137 1006 4201 10,
1027 4135 1045 4189 4
1070 4133 1119 4204 (ad
1139 4133 1256 4204 exhib.)
1284 4147 1352 4199 comp

166 4227 228 4264 oum
244 4213 278 4263 fr.
299 4207 341 4261 16.
363 4206 393 4259 D.
410 4205 455 4270 41,
474 4205 491 4259 3
510 4205 558 4273 (de
576 4205 676 4274 usurp.)
696 4213 724 4262 iu
741 4213 773 4262 fr.
793 4210 817 4262 1.
837 4211 860 4272 ἓ.
870 4209 895 4262 9.
914 4207 956 4262 10.
980 4205 1126 4272 D.43,16
1145 4206 1194 4270 (de
1213 4206 1263 4274 vi).
1283 4218 1351 4269 comp

166 4300 227 4336 oum
244 4285 276 4334 fr.
295 4280 319 4333 1.
339 4280 362 4340 ἓ.
381 4277 408 4331 4.
431 4275 460 4330 D.
480 4280 507 4331 h.
525 4283 543 4330 1.
562 4282 593 4332 fr.
612 4277 637 4330 1.
656 4279 679 4341 ἓ.
702 4283 728 4335 2.
747 4279 777 4333 D.
795 4280 839 4346 41,
857 4279 876 4334 4
892 4277 951 4348 (pro
970 4279 1053 4347 emt).
1072 4278 1155 4333 1126.
1175 4297 1218 4346 pr.
1239 4278 1273 4330 D.
1291 4269 1350 4342 941

166 4351 213 4423 (de
231 4354 323 4407 donat.
340 4353 408 4404 inter
425 4352 473 4403 uir.
490 4356 517 4403 et
536 4344 633 4415 uxor).
1160 4368 1163 4372 ·

200 4422 219 4476 4
249 4424 336 4477 Ful.
358 4419 659 4488 1911451611.

200 4493 218 4547 5
248 4498 290 4548 Fr.
307 4495 334 4549 3.
353 4493 377 4556 6.
396 4493 422 4548 5.
442 4491 473 4546 D.
491 4495 518 4547 h.
537 4503 555 4548 t.
574 4497 606 4548 fr.
626 4493 650 4546 1.
668 4491 692 4554 6.
712 4491 737 4546 9.
760 4488 790 4544 D.
806 4491 852 4557 43,
873 4490 906 4545 17
925 4490 975 4561 (uti
992 4488 1084 4562 pose).
