2804 4966
518 294 853 366 arsennransc'eaam.
1262 313 1299 367 93

136 461 253 544 §.334
296 458 357 524 Sed
386 476 456 520 cum
478 459 550 538 quis
581 458 612 519 in
636 475 694 521 suo
717 457 787 522 solo
812 475 852 520 ex
880 456 981 519 aliena
1004 456 1133 519 materia
1160 454 1300 518 adifica-

93 563 191 638 verit,
213 563 351 624 materie
370 560 514 623 dominus
527 575 631 639 neque
646 560 818 636 vindicare,
841 557 1003 639 nequead
1026 535 1234 620 exhibendum
1258 558 1298 620 de

96 682 135 725 ea
156 679 257 744 agere
278 667 385 742 potest
404 665 535 741 propter
561 660 664 742 legem
690 684 732 723 an
756 659 959 735 Tabularum,
987 676 1048 741 qua
1076 664 1224 721 cavetur:
1259 677 1299 721 ne

96 765 169 845 quis
192 765 313 846 tignum
336 760 474 822 alienum
491 759 617 821 'adibus
645 761 712 822 suis
736 761 875 821 iunctum
898 761 1038 821 eximere
1062 764 1209 842 cogatur3
1244 760 1298 822 sed

96 864 228 945 duplum
245 880 302 944 pro
321 881 357 925 ea
376 867 508 942 prestat
522 877 579 940 per
595 861 760 937 actionem,
782 877 853 941 quae
868 865 1001 922 vocatur
1016 859 1056 921 de
1074 860 1162 941 tigno
1177 861 1300 935 iuncto;

95 966 197 1046 idque
217 963 292 1027 ideo
314 963 476 1043 provisum
499 967 558 1042 est,
583 979 623 1022 ne
645 960 775 1022 aedilicia
797 961 937 1023 rescindi
959 974 1093 1021 necesse
1113 959 1163 1020 sit.
1189 959 1302 1022 Diruto

96 1050 233 1128 aedilicio
254 1063 371 1144 poterit
392 1062 531 1124 materie
551 1061 709 1138 dominus,
733 1062 761 1124 si
783 1079 845 1123 non
869 1061 966 1123 luerit
990 1058 1118 1139 duplum
1141 1076 1302 1123 consecu-

97 1171 163 1241 tus,
190 1183 258 1227 eam
282 1164 446 1226 vindicare
469 1169 500 1224 et
521 1162 560 1225 ad
583 1163 793 1226 exhibendum
815 1163 855 1225 de
873 1181 909 1225 ea
931 1181 966 1225 re
987 1163 1134 1244 ager01).

139 1266 261 1348 §.ato
304 1264 352 1328 Ex
375 1264 506 1327 diverso
527 1265 554 1326 si
577 1266 648 1343 quis
671 1264 702 1325 in
728 1265 832 1328 alieno
856 1264 924 1326 solo
949 1280 1004 1325 sua
1022 1264 1149 1326 materia
1165 1263 1303 1325 redifica-

98 1369 196 1443 verit,
219 1364 406 1429 videndum:
430 1370 533 1426 utrum
555 1364 660 1426 sciens
679 1382 718 1426 an
733 1365 884 1446 ignorans
906 1380 942 1426 se
965 1365 995 1425 in
1018 1363 1122 1434 alieno
1136 1363 1302 1440 aedificare,

98 1469 225 1531 domum
250 1466 453 1532 exstruxerit.
500 1465 532 1528 Si
561 1465 700 1527 enimin
730 1466 810 1528 bona
838 1464 899 1528 fide
927 1464 1097 1528 oedilicator
1120 1465 1239 1542 iuerat,
1272 1471 1304 1527 et

97 1568 162 1632 soli
182 1568 327 1631 dontinus
352 1571 439 1647 petat
462 1565 604 1641 domum,
637 1563 694 1627 ille
722 1567 754 1626 in
785 1566 990 1646 possessione
1020 1568 1208 1628 constitutus
1232 1583 1302 1651 eum

99 1688 160 1750 per
183 1668 403 1749 exceptionem
423 1665 488 1729 doli
512 1666 585 1727 mali
605 1665 764 1746 repellere
786 1671 901 1747 potest,
924 1668 950 1727 si
967 1668 1102 1746 pretium
1116 1666 1255 1728 materiae
1273 1670 1304 1728 et

101 1768 268 1832 mercedes
292 1767 452 1831 fabrorum
483 1783 546 1829 non
576 1767 689 1830 solvat.
735 1768 767 1830 Si
797 1783 859 1829 non
882 1767 1041 1847 possidet,
1071 1767 1188 1829 nullam
1211 1766 1305 1829 babet

101 1871 258 1933 actionem
278 1874 388 1951 contra
410 1867 567 1931 dominum
591 1867 699 1944 tundi,
730 1872 761 1930 at
782 1868 886 1931 diruto
908 1867 1040 1931 edificio
1061 1871 1208 1931 materias
1230 1871 1305 1932 vin-

102 1971 213 2034 dicare
237 1967 393 2056 potest2).
449 1967 481 2031 Si
509 1986 673 2030 veronen
704 1968 855 2050 ignorans
880 1967 1061 2044 aedificavit,
1094 1968 1304 2031 vindicantem
1375 2008 1378 2013 -

102 2070 263 2133 dominum
285 2085 390 2148 neque
413 2069 600 2148 exceptione
621 2067 688 2130 doli
713 2069 784 2130 mali
807 2068 986 2149 repellere,
1018 2085 1076 2130 neo
1099 2067 1204 2130 diruto
1225 2067 1305 2128 edi-

103 2169 177 2231 ficio
202 2170 349 2233 materias
373 2169 535 2231 vindicare
558 2175 680 2250 potest:
703 2170 902 2233 amisitenim
918 2171 1055 2232 materie
1070 2169 1304 2251 proprietatem,

103 2272 181 2352 quia
205 2268 461 2343 voluntateeius
484 2268 674 2352 intelligitur
697 2269 831 2333 alienata
840 2271 880 2357 ³).

148 2390 181 2468 §-
193 2384 267 2451 336.
311 2383 346 2447 ln
367 2385 463 2447 rebus
478 2384 644 2447 mobilibus
664 2386 849 2448 accessione
866 2387 1068 2466 acquirendis
1084 2387 1305 2469 distinguimus

103 2485 345 2558 aduocationem,
366 2485 616 2563 monterionem,
636 2485 843 2566 confasionem
864 2492 895 2548 et
917 2487 1181 2566 specificatioaem.
1217 2488 1305 2560 Quo-

103 2589 168 2651 ties
193 2589 276 2649 enim
297 2586 425 2649 diversa
448 2587 581 2666 corpori
604 2586 922 2663 adserruminatioue,
953 2578 1222 2668 adplumbatione,
1253 2590 1306 2650 in-

104 2686 247 2751 texendo
269 2686 321 2749 vel
344 2704 535 2766 quocunque
558 2687 620 2751 alio
641 2686 732 2750 modo
754 2688 785 2748 in
807 2704 902 2748 unum
925 2688 1030 2750 iuncta
1054 2687 1193 2764 suerint,
1215 2689 1306 2770 prin-

103 2785 218 2867 cipalis
239 2788 286 2850 rei
308 2793 414 2871 partes
437 2805 508 2851 esse
530 2788 694 2869 incipiunt,
716 2789 748 2849 in
767 2793 954 2869 perpetuum
975 2789 1111 2869 quidem,
1133 2791 1160 2851 si
1184 2791 1226 2853 ita
1248 2809 1306 2853 co-

104 2888 238 2963 baerent,
263 2893 299 2948 ut
321 2886 373 2949 vel
396 2888 532 2964 omnino,
556 2887 608 2949 vel
629 2886 717 2950 salva
741 2906 850 2950 eorum
874 2889 1060 2966 substantia,
1082 2892 1224 2970 separari
1246 2909 1306 2952 ne-

104 2991 248 3069 queant3
272 2985 311 3049 ad
336 2992 458 3069 tempus
478 3005 567 3064 vero,
586 2988 710 3066 quando
733 2987 826 3050 laeile
848 2995 1043 3069 separantur,
1067 2996 1097 3052 et
1119 2991 1157 3053 ab
1179 2972 1309 3054 alterius
1384 2990 1387 2995 ’

103 3089 155 3151 rei
188 3088 288 3168 priori
320 3086 446 3151 domino
478 3087 518 3149 ad
549 3088 759 3150 exhibendum
790 3095 891 3151 actum
922 3088 1070 3177 sueritl).
1124 3091 1306 3172 Principalis

103 3194 210 3251 autem
230 3205 283 3249 res
304 3205 341 3249 ea
355 3185 463 3249 baberi
478 3187 582 3264 debet,
604 3190 752 3268 quomis,
777 3190 830 3268 qui
844 3191 1194 3272 coniunxitutramque,
1216 3194 1307 3272 prin-

104 3286 241 3371 cipalem
264 3304 337 3350 esse
360 3283 512 3375 voluitl),
540 3288 592 3350 vol
615 3307 664 3364 aa,
686 3289 755 3351 sine
779 3307 838 3371 qua
861 3290 959 3355 altera
978 3291 1155 3354 subsistere
1170 3295 1230 3357 iam
1245 3312 1306 3357 non

105 3392 221 3471 posset
231 3386 269 3468 ⁶),
292 3384 344 3448 vel
367 3389 457 3449 cuius
479 3389 615 3469 propriae
637 3389 796 3469 qualitatis
820 3408 913 3454 eausa
936 3391 1033 3454 altera
1058 3394 1222 3456 coniuncta
1249 3400 1307 3472 est,

106 3556 310 3569 mun-a·-

144 3648 175 3716 1)
196 3650 387 3711 §.ta.1.cn.
424 3652 454 3705 Si
482 3654 558 3706 fundi
587 3655 710 3708 dominus
733 3657 900 3723 subripuerat
923 3657 1040 3725 tignum,
1067 3659 1172 3712 etiamsi
1197 3660 1308 3728 duplum

103 3724 275 3794 praestiterat,
291 3724 465 3777 nibilominus
485 3725 571 3778 diruto
582 3721 691 3778 aediticib
709 3728 811 3792 tignum
831 3729 961 3779 vindicari
978 3736 1074 3796 potest.
1098 3731 1140 3782 Fr.
1154 3730 1179 3783 2.
1195 3733 1228 3784 D.
1238 3729 1308 3796 47‚3

105 3796 155 3865 (de
177 3794 252 3861 ligno
270 3792 381 3860 iuncto).
400 3795 423 3855 ἓ.
443 3795 485 3849 19.
504 3798 524 3848 Ι.
544 3795 572 3860 4,
592 3798 604 3848 1
629 3797 676 3863 (de
695 3799 776 3864 oblig.
796 3815 855 3866 que
872 3816 908 3851 ex
927 3800 1045 3869 delicto).

141 3865 171 3935 2)
191 3865 215 3924 ἐ.
233 3862 277 3916 30.
294 3864 316 3917 Ι.
335 3868 362 3917 h.
379 3872 398 3917 t.
417 3865 510 3920 rard.
528 3868 562 3919 D.
580 3866 625 3930 44,
643 3867 662 3920 4
679 3865 727 3935 (de
744 3876 849 3936 except.
870 3871 926 3924 doll
942 3872 1026 3939 mall).
1056 3875 1087 3923 fr.
1106 3871 1149 3924 33.
1178 3875 1211 3923 Ι).
1232 3872 1274 3936 12,
1291 3871 1308 3922 6

104 3939 154 4004 (de
175 3935 290 3987 condiet
308 3935 440 4003 indebiti).
536 3983 554 3997 ,,

142 4005 172 4075 3)
191 4003 265 4065 §.ab
284 4007 304 4058 L
323 4010 348 4060 b.
369 4014 386 4060 t.
406 4009 474 4061 Sunt
493 4014 584 4061 tamen
601 4010 678 4061 huius
693 4009 716 4069 §-
733 4013 831 4076 regulae
852 4015 1040 4078 restringendae
1060 4030 1094 4065 ex
1114 4012 1195 4064 ir.37.
1215 4011 1307 4075 1).o,1

104 4081 154 4150 (de
174 4079 204 4129 R.
223 4078 279 4142 V.).
296 4080 328 4131 ir.
350 4076 392 4130 55.
414 4079 471 4140 §.L
490 4082 523 4132 D.
543 4081 585 4143 19,
603 4081 620 4133 2
639 4078 751 4148 (locati).
771 4099 793 4133 o.
813 4083 837 4134 2.
856 4081 880 4135 5.
902 4087 930 4136 Ο.
941 4085 967 4148 3,
986 4084 1020 4136 32
1040 4083 1086 4151 (de
1104 4087 1143 4135 rei
1161 4081 1307 4147 vindieat).

101 4154 168 4207 See.
192 4164 215 4201 e.
237 4146 262 4201 2.
289 4148 320 4200 (l.
338 4149 364 4212 3,
378 4148 413 4203 32
437 4150 561 4203 dissoluti
585 4153 687 4203 aedideii
705 4155 817 4204 materia
842 4157 920 4206 etiam
946 4159 980 4207 ad
1003 4172 1072 4219 eum,
1091 4156 1135 4223 qni
1158 4157 1231 4208 mala
1255 4156 1308 4207 lide

101 4220 258 4284 aedificarit,
277 4220 355 4284 redit,
375 4222 398 4273 si
414 4238 469 4273 non
489 4223 609 4275 donandi
627 4225 715 4274 animo
734 4224 762 4275 id
783 4231 960 4278 exstruxerat.

118 4291 214 4420 ὥς.
227 4289 276 4426 {aa}
299 4292 320 4343 1.
340 4293 376 4344 ro.
402 4294 434 4344 a.
453 4290 496 4345 as.
521 4296 543 4353 s.
563 4292 587 4346 s.
606 4296 639 4345 n.
660 4293 725 4356 o,1
753 4294 977 4364 (perornan).
1002 4295 1308 4365 nantoade

96 4386 117 4422 ο
192 4379 227 4416 en
248 4399 276 4414 ..

138 4435 169 4502 ὅ)
190 4436 234 4485 Fr.
254 4431 297 4487 20.
316 4434 349 4485 D.
368 4431 413 4498 34,
431 4431 449 4485 2
468 4431 516 4499 (de
536 4450 601 4487 auro
619 4431 750 4501 argento).

138 4507 171 4576 6)
190 4504 235 4556 Fr.
255 4502 298 4558 23.
316 4502 339 4565 b.
358 4501 384 4556 3.
403 4506 436 4556 D.
459 4502 516 4566 6,1
539 4504 586 4573 (de
604 4508 641 4557 rei
659 4505 753 4572 vind).
