2804 4966
93 213 111 267 8
194 226 205 247 θ
413 218 614 257 rnrrrrurrom
636 218 709 256 rum
728 214 832 255 nolunt
853 215 975 254 nntvart.

95 360 131 415 ut
151 353 271 427 dicunt,
287 359 314 411 'a
332 349 434 430 priori
453 346 656 422 conficienda,
679 346 734 409 sed
760 364 799 409 ex
820 346 919 426 ipsius
931 345 1009 406 iuris
1022 345 1125 407 civilis
1144 346 1303 408 institutis

97 473 133 518 ac
152 453 329 535 praeceptis,
352 451 431 515 lacta
451 466 558 511 eorum
572 448 812 528 comparatione,
833 445 974 508 ducenda
993 451 1024 506 et
1037 444 1196 508 formanda
1213 452 1304 508 sunt.

98 555 164 628 Qua
197 555 318 616 ratione
350 551 475 616 adducti
506 546 780 628 iurisprudentiam
810 545 975 626 positivam
997 548 1157 607 scientiam
1180 564 1304 609 vocare

96 656 329 718 consuevimus.

202 842 269 892 TIT.
281 841 313 891 V.
350 841 399 891 DE
417 839 575 891 PUBLIOO
595 839 642 889 ET
662 837 819 889 PRIVATO
840 836 934 898 IURE,
953 835 1034 888 SIVE
1054 834 1187 886 TOTIUS

226 927 537 981 IURISPRUDENTIAE
560 926 598 978 IN
616 924 753 977 PARTES
773 924 862 978 SUAS
882 923 1114 976 DISTRIBUTIO
1132 922 1161 989 ¹).

141 1064 171 1146 ξ.
186 1060 236 1126 25.
280 1059 357 1122 Duoe
380 1059 576 1139 potissimum
598 1063 672 1119 sunt
693 1058 771 1119 iuris
796 1058 969 1138 positiones
993 1056 1148 1128 diversam
1172 1055 1222 1116 ius
1247 1061 1307 1116 aut

98 1161 258 1245 publicum
280 1166 346 1236 est,
371 1165 424 1220 aut
457 1160 621 1239 privatum.
680 1157 841 1219 Publicum
864 1159 913 1218 ius
937 1162 996 1232 est,
1019 1156 1101 1236 quod
1124 1154 1161 1216 ad
1183 1161 1305 1216 statum

97 1261 281 1343 reipublice
300 1264 434 1341 spectat,
457 1259 624 1339 privatum,
647 1258 730 1338 quod
752 1258 789 1319 ad
803 1257 1000 1340 singulorum
1016 1255 1200 1330 utilitatem3
1227 1263 1306 1318 sunt

100 1366 181 1424 enim
206 1359 347 1441 quedam
369 1361 494 1441 publice
523 1360 631 1435 utilia,
662 1360 802 1441 quaedam
824 1360 979 1440 privatim.
1024 1357 1109 1418 lnter
1125 1364 1303 1438 utrumque

49 1523 52 1533 s
103 1462 182 1526 illud
207 1463 360 1536 interest,
386 1461 468 1541 quod
500 1463 549 1523 ius
582 1461 739 1540 publicum
761 1462 954 1541 privatorum
978 1462 1077 1538 pactis
1099 1459 1214 1518 mutari
1238 1477 1304 1521 non

101 1568 215 1645 potest.

145 1666 176 1748 ξ.
189 1663 241 1727 26.
284 1662 403 1725 Publici
426 1665 504 1726 iuris
522 1670 679 1746 praecepta
700 1669 754 1726 aut
779 1662 817 1725 ad
841 1662 1096 1724 constitutionem
1117 1657 1306 1737 reipublicae

105 1766 238 1844 eiusque
268 1763 483 1846 gubernanda
512 1767 665 1827 rationem
695 1768 856 1843 spectant,
892 1768 945 1824 aut
974 1761 1012 1824 ad
1046 1759 1305 1823 necessitudines

102 1867 185 1930 inter
210 1883 275 1928 eam
307 1865 446 1945 eliasque
469 1867 613 1928 civitates
636 1864 846 1927 intercedunt.
901 1862 977 1924 lnde
1007 1862 1076 1924 duae
1101 1861 1195 1922 huius
1219 1861 1303 1921 iuris

103 1970 220 2046 partes,
245 1981 374 2045 quarum
397 1965 526 2028 alteram
550 1965 644 2028 bodie
674 1968 724 2026 ius
747 1963 899 2045 publicum
918 1963 1072 2025 internum
1100 1962 1230 2023 alteram
1254 1959 1306 2021 ios

80 2065 254 2146 ¹poblicum
280 2071 441 2127 catanam
463 2065 623 2146 appellare
647 2055 761 2127 solent.

187 2171 217 2250 ᾖ.
233 2167 284 2230 27.
329 2166 388 2230 Sed
415 2173 446 2228 et
469 2167 571 2246 ipsum
596 2167 645 2227 ius
667 2164 826 2246 publicum
848 2167 1003 2227 internum
1030 2164 1139 2244 plures
1161 2163 1307 2242 amplec-

104 2267 181 2329 titur
207 2265 400 2346 disoiplinas.
440 2265 591 2328 Versatur
615 2268 696 2328 enirn
724 2267 832 2328 autin
862 2266 1084 2328 constitutione
1108 2263 1305 2342 reipublice,

105 2371 159 2429 aut
181 2371 255 2427 sunt
279 2366 348 2427 eius
372 2366 512 2427 instituta
535 2366 786 2430 administrandae
806 2366 989 2447 reipublicae
1010 2367 1188 2427 constitutae
1209 2382 1307 2428 causa

107 2466 267 2540 ordinata3
291 2482 361 2546 quar
385 2484 462 2529 vero
486 2467 659 2547 saepissime
684 2486 722 2529 ex
747 2470 970 2530 constitutione
991 2465 1184 2545 reipublicae,
1210 2468 1306 2545 quasi

104 2584 144 2628 ex
166 2564 366 2627 fundamento
390 2565 545 2647 originem
573 2571 604 2628 et
627 2569 844 2629 auctoritatem
866 2566 1011 2639 trabunt3
1043 2566 1116 2626 iude
1137 2566 1216 2626 iuris
1240 2583 1307 2648 pu-

106 2666 180 2728 blici
201 2663 389 2726 constitutivi
411 2670 441 2726 et
456 2663 694 2728 administratici
712 2667 793 2748 apud
805 2668 999 2729 recentiores
1014 2654 1182 2727 distinctio.
1208 2663 1306 2741 lund,

106 2765 190 2847 quod
213 2767 262 2827 ius
285 2762 445 2846 publicum
469 2768 654 2848 angustiore
677 2785 784 2845 sensu,
809 2767 890 2847 apud
904 2767 1085 2843 ,Germanos
1110 2765 1308 2829 Stcotsreolrt

108 2867 260 2929 nominari
281 2864 374 2940 solet,
390 2864 530 2928 ¹summas
552 2868 725 2930 incivitate
746 2873 917 2949 potestates
939 2857 1058 2941 debirit,
1081 2865 1307 2945 publicamque

108 2967 207 3030 firmat
229 2964 339 3047 populi
361 2965 548 3028 libertatem.
573 2967 813 3030 constituuntur
830 2968 889 3030 boc
909 2970 977 3029 iure
997 2968 1149 3047 principis
1171 2965 1307 3045 regisve

108 3068 282 3148 imperium,
306 3067 478 3130 maiestatis
501 3084 616 3130 summa
640 3071 790 3150 potentia,
813 3068 920 3149 populi
943 3067 1072 3129 libertas
1096 3065 1307 3144 ordinumque

109 3168 176 3229 iura
200 3170 231 3227 et
253 3166 433 3248 privilegia.
477 3165 635 3230 Describit
658 3168 839 3250 reipublicae
860 3172 1040 3248 perpetuam
1063 3165 1308 3228 immutabilem-

110 3285 171 3348 que
193 3267 331 3329 lormam.
377 3266 487 3330 Altera
504 3269 582 3330 iuris
605 3269 722 3350 publici
744 3288 816 3349 pars
841 3286 900 3348 qua
917 3270 1075 3342 statuitur,
1100 3268 1308 3346 qurernadmc-

112 3366 184 3429 dum
205 3368 418 3450 gubernacula
441 3370 623 3451 reipublicae
647 3371 789 3453 regenda
802 3371 875 3445 sint,
900 3384 968 3450 quse
980 3371 1043 3431 sint
1065 3369 1307 3450 magistratuum

45 3491 47 3494 ’
110 3487 147 3532 ea
170 3470 342 3531 tenentium
364 3488 491 3533 munera
527 3478 558 3533 et
580 3473 728 3534 universa
758 3489 864 3534 rerum
898 3469 1108 3554 gerendarum
1138 3469 1236 3543 ratio,
1273 3470 1307 3530 in

109 3566 218 3647 plures
241 3569 353 3632 iterum
376 3569 510 3634 discedit
532 3578 645 3653 partes.

148 3808 175 3878 1)
194 3811 247 3863 Res
273 3812 366 3863 summi
390 3815 516 3865 momenti
545 3819 585 3866 est
610 3815 741 3865 adcurate
768 3813 897 3865 universe
921 3812 1133 3880 iurisprudentiae
1156 3813 1183 3862 in
1214 3817 1308 3878 portes

112 3899 176 3936 suas
196 3882 344 3946 distributio
357 3888 384 3935 et
394 3885 567 3951 singularum,
586 3902 622 3937 ex
632 3887 728 3954 quibus
738 3889 851 3947 constat,
870 3884 1068 3951 disciplinarum
1079 3884 1229 3949 descriptio·
1251 3885 1307 3935 Ex-

113 3955 176 4021 poni
196 3955 236 4005 be
252 3955 406 4022 partitiones
426 3958 513 4008 solent
534 3956 610 4009 iniis
631 3958 769 4024 operibus,
796 3971 853 4024 que
877 3957 949 4022 apud
969 3955 1119 4006 Germanos
1143 3961 1170 4006 et
1187 3956 1308 4007 Batavos

39 4085 40 4088 Ἴ
113 4024 189 4078 Iuris
209 4023 427 4094 Encpetopoedioo
452 4028 583 4094 appellari
608 4029 701 4079 solent.
749 4028 883 4092 Optimam
905 4026 1115 4093 iurisprudentiae
1134 4028 1307 4094 Encyclopae-

81 4123 85 4130 .
114 4098 186 4148 diam
205 4099 293 4149 totino
315 4099 438 4164 scriptam
466 4099 550 4150 edidit
570 4102 652 4152 Gora.
670 4098 748 4152 Anno
772 4100 825 4149 dea
848 4098 911 4148 Tem.
942 4095 1223 4149 nmrtelouam1183tt.
1254 4100 1307 4149 No-

112 4168 232 4220 uissimas
260 4171 412 4233 germanice
437 4185 558 4221 sermone
582 4171 741 4236 compositas
765 4169 969 4237 publicaverunt
986 4166 1056 4222 1853
1079 4171 1201 4234 Erlsnge
1226 4169 1307 4220 huius

111 4238 173 4290 libri
200 4244 307 4302 auctor3
336 4241 445 4290 Viennae
471 4241 614 4292 doctissim.
631 4240 738 4292 Absens
757 4237 967 4304 memorre
993 4240 1076 4291 Foro.
1101 4241 1206 4292 Walter
1228 4237 1304 4293 1856.

113 4309 184 4360 Inter
207 4309 338 4361 eiusmodi
365 4313 445 4362 libros
464 4312 562 4375 gallice
591 4312 702 4377 scriptos
721 4312 834 4377 primum
852 4312 941 4364 locum
962 4312 1063 4364 obtinet
1088 4310 1127 4361 Μ.
1150 4309 1305 4376 &obtectu

112 4380 167 4431 thi
184 4382 314 4447 Argentor
337 4383 416 4436 tensis
435 4379 629 4436 Introduction
646 4381 801 4454 dt'Etude
823 4384 860 4436 du
882 4384 963 4437 droia
983 4381 1007 4434 3.
1027 4383 1076 4454 ed.¹
1090 4383 1165 4442 Paris
1184 4377 1263 4434 1856.
