<?xml version="1.0" encoding="UTF-8"?>
<!DOCTYPE html PUBLIC "-//W3C//DTD XHTML 1.0 Transitional//EN"
    "http://www.w3.org/TR/xhtml1/DTD/xhtml1-transitional.dtd">
<html xmlns="http://www.w3.org/1999/xhtml" xml:lang="en" lang="en">
 <head>
  <title>
</title>
<meta http-equiv="Content-Type" content="text/html;charset=utf-8" />
  <meta name='ocr-system' content='tesseract 3.04.00' />
  <meta name='ocr-capabilities' content='ocr_page ocr_carea ocr_par ocr_line ocrx_word'/>
</head>
<body>
  <div class='ocr_page' id='page_1' title='image "./institutionesiu00warngoog_0043.png"; bbox 0 0 2804 4966; ppageno 0'>
   <div class='ocr_carea' id='block_1_1' title="bbox 97 287 976 343">
    <p class='ocr_par' dir='ltr' id='par_1_1' title="bbox 97 287 976 343">
     <span class='ocr_line' id='line_1_1' title="bbox 97 287 976 343; baseline 0.001 -9"><span class='ocrx_word' id='word_1_1' title='bbox 97 287 132 343; x_wconf 69' lang='lat'><strong>26</strong></span> <span class='ocrx_word' id='word_1_2' title='bbox 423 298 623 337; x_wconf 67' lang='lat' dir='ltr'><strong>lmlwb&#39;lom</strong></span> <span class='ocrx_word' id='word_1_3' title='bbox 641 298 715 337; x_wconf 78' lang='lat' dir='ltr'><strong>tum</strong></span> <span class='ocrx_word' id='word_1_4' title='bbox 734 298 838 337; x_wconf 74' lang='grc' dir='ltr'><strong>ΙΟΙΑΙΙ</strong></span> <span class='ocrx_word' id='word_1_5' title='bbox 857 298 976 338; x_wconf 58' lang='lat' dir='ltr'><strong>muli·</strong></span> 
     </span>
    </p>
   </div>
   <div class='ocr_carea' id='block_1_2' title="bbox 96 428 1305 2325">
    <p class='ocr_par' dir='ltr' id='par_1_2' title="bbox 96 428 1304 1826">
     <span class='ocr_line' id='line_1_2' title="bbox 137 428 1303 514; baseline 0.002 -18"><span class='ocrx_word' id='word_1_6' title='bbox 137 437 169 514; x_wconf 64' lang='grc' dir='ltr'><strong>ξ.</strong></span> <span class='ocrx_word' id='word_1_7' title='bbox 183 430 233 497; x_wconf 79' lang='lat' dir='ltr'><strong>et.</strong></span> <span class='ocrx_word' id='word_1_8' title='bbox 277 429 429 492; x_wconf 86' lang='lat' dir='ltr'><strong>Omnibus</strong></span> <span class='ocrx_word' id='word_1_9' title='bbox 461 428 696 493; x_wconf 88' lang='lat' dir='ltr'><strong>iurisconsultis</strong></span> <span class='ocrx_word' id='word_1_10' title='bbox 726 430 757 491; x_wconf 90' lang='lat' dir='ltr'><strong>in</strong></span> <span class='ocrx_word' id='word_1_11' title='bbox 788 429 828 492; x_wconf 90' lang='lat' dir='ltr'><strong>iis</strong></span> <span class='ocrx_word' id='word_1_12' title='bbox 850 430 1008 509; x_wconf 83' lang='lat' dir='ltr'><strong>excerptis</strong></span> <span class='ocrx_word' id='word_1_13' title='bbox 1037 447 1097 512; x_wconf 90' lang='lat' dir='ltr'><strong>par</strong></span> <span class='ocrx_word' id='word_1_14' title='bbox 1114 435 1303 498; x_wconf 78' lang='lat' dir='ltr'><strong>&#39;auotoritas</strong></span> 
     </span>
     <span class='ocr_line' id='line_1_3' title="bbox 97 529 1301 612; baseline 0.002 -15"><span class='ocrx_word' id='word_1_15' title='bbox 97 535 180 611; x_wconf 83' lang='lat' dir='ltr'><strong>dnta,</strong></span> <span class='ocrx_word' id='word_1_16' title='bbox 202 533 288 595; x_wconf 88' lang='lat' dir='ltr'><strong>nulla</strong></span> <span class='ocrx_word' id='word_1_17' title='bbox 310 531 413 594; x_wconf 89' lang='lat' dir='ltr'><strong>habita</strong></span> <span class='ocrx_word' id='word_1_18' title='bbox 434 531 486 593; x_wconf 90' lang='lat' dir='ltr'><strong>vel</strong></span> <span class='ocrx_word' id='word_1_19' title='bbox 509 532 609 593; x_wconf 85' lang='lat' dir='ltr'><strong>etatis</strong></span> <span class='ocrx_word' id='word_1_20' title='bbox 625 531 677 593; x_wconf 81' lang='lat' dir='ltr'><strong>uel</strong></span> <span class='ocrx_word' id='word_1_21' title='bbox 691 531 817 593; x_wconf 86' lang='lat' dir='ltr'><strong>maioris</strong></span> <span class='ocrx_word' id='word_1_22' title='bbox 832 529 1031 612; x_wconf 86' lang='lat' dir='ltr'><strong>singulorum</strong></span> <span class='ocrx_word' id='word_1_23' title='bbox 1044 531 1140 594; x_wconf 74' lang='lat' dir='ltr'><strong>samaa</strong></span> <span class='ocrx_word' id='word_1_24' title='bbox 1163 536 1301 610; x_wconf 81' lang='lat' dir='ltr'><strong>ratioae3</strong></span> 
     </span>
     <span class='ocr_line' id='line_1_4' title="bbox 97 630 1300 712; baseline 0.002 -16"><span class='ocrx_word' id='word_1_25' title='bbox 97 636 269 697; x_wconf 83' lang='lat' dir='ltr'><strong>innumerae</strong></span> <span class='ocrx_word' id='word_1_26' title='bbox 293 635 519 694; x_wconf 80' lang='lat' dir='ltr'><strong>controversiae</strong></span> <span class='ocrx_word' id='word_1_27' title='bbox 548 633 631 694; x_wconf 85' lang='lat' dir='ltr'><strong>inter</strong></span> <span class='ocrx_word' id='word_1_28' title='bbox 662 649 717 694; x_wconf 90' lang='lat' dir='ltr'><strong>eos</strong></span> <span class='ocrx_word' id='word_1_29' title='bbox 743 631 817 693; x_wconf 94' lang='lat' dir='ltr'><strong>olim</strong></span> <span class='ocrx_word' id='word_1_30' title='bbox 849 630 964 694; x_wconf 81' lang='lat' dir='ltr'><strong>habite</strong></span> <span class='ocrx_word' id='word_1_31' title='bbox 986 630 1105 694; x_wconf 78' lang='lat' dir='ltr'><strong>decisae</strong></span> <span class='ocrx_word' id='word_1_32' title='bbox 1138 640 1175 698; x_wconf 89' lang='lat' dir='ltr'><strong>et</strong></span> <span class='ocrx_word' id='word_1_33' title='bbox 1200 635 1300 712; x_wconf 80' lang='lat' dir='ltr'><strong>unite,</strong></span> 
     </span>
     <span class='ocr_line' id='line_1_5' title="bbox 97 731 1301 817; baseline 0.002 -20"><span class='ocrx_word' id='word_1_34' title='bbox 97 731 313 816; x_wconf 66' lang='lat' dir='ltr'><strong>singularibus</strong></span> <span class='ocrx_word' id='word_1_35' title='bbox 334 732 502 813; x_wconf 90' lang='lat' dir='ltr'><strong>aliquando</strong></span> <span class='ocrx_word' id='word_1_36' title='bbox 525 732 688 794; x_wconf 84' lang='lat' dir='ltr'><strong>Iustiniani</strong></span> <span class='ocrx_word' id='word_1_37' title='bbox 712 731 986 795; x_wconf 74' lang='lat' dir='ltr'><strong>constitutionibus</strong></span> <span class='ocrx_word' id='word_1_38' title='bbox 1007 733 1039 794; x_wconf 92' lang='lat' dir='ltr'><strong>in</strong></span> <span class='ocrx_word' id='word_1_39' title='bbox 1060 733 1189 798; x_wconf 84' lang='lat' dir='ltr'><strong>codiee</strong></span> <span class='ocrx_word' id='word_1_40' title='bbox 1215 738 1301 817; x_wconf 91' lang='lat' dir='ltr'><strong>posi-</strong></span> 
     </span>
     <span class='ocr_line' id='line_1_6' title="bbox 97 832 1300 925; baseline 0.002 -30"><span class='ocrx_word' id='word_1_41' title='bbox 97 835 156 909; x_wconf 90' lang='lat' dir='ltr'><strong>tis,</strong></span> <span class='ocrx_word' id='word_1_42' title='bbox 185 835 268 896; x_wconf 88' lang='lat' dir='ltr'><strong>inter</strong></span> <span class='ocrx_word' id='word_1_43' title='bbox 293 851 371 915; x_wconf 90' lang='lat' dir='ltr'><strong>quas</strong></span> <span class='ocrx_word' id='word_1_44' title='bbox 396 836 623 916; x_wconf 73' lang='lat' dir='ltr'><strong>quinquaginta</strong></span> <span class='ocrx_word' id='word_1_45' title='bbox 652 833 826 913; x_wconf 80' lang='lat' dir='ltr'><strong>presertim</strong></span> <span class='ocrx_word' id='word_1_46' title='bbox 852 832 1034 896; x_wconf 72' lang='lat' dir='ltr'><strong>decisiones</strong></span> <span class='ocrx_word' id='word_1_47' title='bbox 1055 834 1300 925; x_wconf 76' lang='lat' dir='ltr'><strong>praecellunt1).</strong></span> 
     </span>
     <span class='ocr_line' id='line_1_7' title="bbox 98 932 1301 1000; baseline 0.004 -5"><span class='ocrx_word' id='word_1_48' title='bbox 98 932 277 997; x_wconf 85' lang='lat' dir='ltr'><strong>Contrarias</strong></span> <span class='ocrx_word' id='word_1_49' title='bbox 300 935 333 997; x_wconf 90' lang='lat' dir='ltr'><strong>in</strong></span> <span class='ocrx_word' id='word_1_50' title='bbox 354 933 517 997; x_wconf 85' lang='lat' dir='ltr'><strong>Pandectis</strong></span> <span class='ocrx_word' id='word_1_51' title='bbox 539 935 622 996; x_wconf 91' lang='lat' dir='ltr'><strong>inter</strong></span> <span class='ocrx_word' id='word_1_52' title='bbox 639 951 675 995; x_wconf 91' lang='lat' dir='ltr'><strong>se</strong></span> <span class='ocrx_word' id='word_1_53' title='bbox 690 935 864 997; x_wconf 89' lang='lat' dir='ltr'><strong>sententias</strong></span> <span class='ocrx_word' id='word_1_54' title='bbox 880 935 1005 996; x_wconf 89' lang='lat' dir='ltr'><strong>omnino</strong></span> <span class='ocrx_word' id='word_1_55' title='bbox 1031 935 1138 998; x_wconf 85' lang='lat' dir='ltr'><strong>nullas</strong></span> <span class='ocrx_word' id='word_1_56' title='bbox 1161 939 1301 1000; x_wconf 86' lang='lat' dir='ltr'><strong>inveniri</strong></span> 
     </span>
     <span class='ocr_line' id='line_1_8' title="bbox 96 1034 1301 1119; baseline 0.004 -24"><span class='ocrx_word' id='word_1_57' title='bbox 96 1051 223 1116; x_wconf 88' lang='lat' dir='ltr'><strong>quoque</strong></span> <span class='ocrx_word' id='word_1_58' title='bbox 244 1037 409 1109; x_wconf 83' lang='lat' dir='ltr'><strong>statuitur3</strong></span> <span class='ocrx_word' id='word_1_59' title='bbox 433 1051 503 1117; x_wconf 81' lang='lat' dir='ltr'><strong>quae</strong></span> <span class='ocrx_word' id='word_1_60' title='bbox 525 1035 584 1096; x_wconf 88' lang='lat' dir='ltr'><strong>sibi</strong></span> <span class='ocrx_word' id='word_1_61' title='bbox 597 1035 761 1119; x_wconf 76' lang='lat' dir='ltr'><strong>advorsari</strong></span> <span class='ocrx_word' id='word_1_62' title='bbox 784 1034 979 1109; x_wconf 87' lang='lat' dir='ltr'><strong>viderentur,</strong></span> <span class='ocrx_word' id='word_1_63' title='bbox 1001 1034 1111 1097; x_wconf 89' lang='lat' dir='ltr'><strong>subtili</strong></span> <span class='ocrx_word' id='word_1_64' title='bbox 1138 1037 1301 1118; x_wconf 85' lang='lat' dir='ltr'><strong>interpre-</strong></span> 
     </span>
     <span class='ocr_line' id='line_1_9' title="bbox 97 1134 1301 1223; baseline 0.002 -26"><span class='ocrx_word' id='word_1_65' title='bbox 97 1140 213 1200; x_wconf 90' lang='lat' dir='ltr'><strong>tatione</strong></span> <span class='ocrx_word' id='word_1_66' title='bbox 238 1135 434 1198; x_wconf 88' lang='lat' dir='ltr'><strong>concilianda</strong></span> <span class='ocrx_word' id='word_1_67' title='bbox 448 1137 600 1199; x_wconf 90' lang='lat' dir='ltr'><strong>sancitum</strong></span> <span class='ocrx_word' id='word_1_68' title='bbox 615 1135 653 1223; x_wconf 59' lang='grc' dir='ltr'><strong>Β).</strong></span> <span class='ocrx_word' id='word_1_69' title='bbox 698 1135 807 1198; x_wconf 90' lang='lat' dir='ltr'><strong>Omnia</strong></span> <span class='ocrx_word' id='word_1_70' title='bbox 828 1152 906 1196; x_wconf 88' lang='lat' dir='ltr'><strong>vero</strong></span> <span class='ocrx_word' id='word_1_71' title='bbox 929 1153 969 1197; x_wconf 85' lang='lat' dir='ltr'><strong>ex</strong></span> <span class='ocrx_word' id='word_1_72' title='bbox 991 1134 1201 1199; x_wconf 91' lang='lat' dir='ltr'><strong>conditorum</strong></span> <span class='ocrx_word' id='word_1_73' title='bbox 1227 1154 1301 1200; x_wconf 86' lang='lat' dir='ltr'><strong>eor·</strong></span> 
     </span>
     <span class='ocr_line' id='line_1_10' title="bbox 97 1237 1302 1320; baseline -0.002 -18"><span class='ocrx_word' id='word_1_74' title='bbox 97 1239 169 1302; x_wconf 88' lang='lat' dir='ltr'><strong>silio</strong></span> <span class='ocrx_word' id='word_1_75' title='bbox 192 1254 250 1318; x_wconf 86' lang='lat' dir='ltr'><strong>pro</strong></span> <span class='ocrx_word' id='word_1_76' title='bbox 274 1237 401 1298; x_wconf 93' lang='lat' dir='ltr'><strong>illorum</strong></span> <span class='ocrx_word' id='word_1_77' title='bbox 434 1242 609 1317; x_wconf 88' lang='lat' dir='ltr'><strong>temporum</strong></span> <span class='ocrx_word' id='word_1_78' title='bbox 641 1238 765 1298; x_wconf 92' lang='lat' dir='ltr'><strong>ratione</strong></span> <span class='ocrx_word' id='word_1_79' title='bbox 786 1242 901 1299; x_wconf 88' lang='lat' dir='ltr'><strong>rnutata</strong></span> <span class='ocrx_word' id='word_1_80' title='bbox 924 1242 1015 1312; x_wconf 89' lang='lat' dir='ltr'><strong>sunt,</strong></span> <span class='ocrx_word' id='word_1_81' title='bbox 1037 1237 1186 1300; x_wconf 88' lang='lat' dir='ltr'><strong>mutilata</strong></span> <span class='ocrx_word' id='word_1_82' title='bbox 1212 1243 1302 1320; x_wconf 90' lang='lat' dir='ltr'><strong>atquc</strong></span> 
     </span>
     <span class='ocr_line' id='line_1_11' title="bbox 97 1337 1303 1420; baseline -0.002 -18"><span class='ocrx_word' id='word_1_83' title='bbox 97 1352 263 1413; x_wconf 85' lang='lat' dir='ltr'><strong>conversa,</strong></span> <span class='ocrx_word' id='word_1_84' title='bbox 286 1342 320 1397; x_wconf 94' lang='lat' dir='ltr'><strong>ut</strong></span> <span class='ocrx_word' id='word_1_85' title='bbox 336 1353 420 1416; x_wconf 79' lang='lat' dir='ltr'><strong>saepe</strong></span> <span class='ocrx_word' id='word_1_86' title='bbox 433 1341 574 1398; x_wconf 87' lang='lat' dir='ltr'><strong>statuere</strong></span> <span class='ocrx_word' id='word_1_87' title='bbox 598 1337 832 1416; x_wconf 85' lang='lat' dir='ltr'><strong>vixpossimus,</strong></span> <span class='ocrx_word' id='word_1_88' title='bbox 856 1353 926 1417; x_wconf 86' lang='lat' dir='ltr'><strong>quae</strong></span> <span class='ocrx_word' id='word_1_89' title='bbox 947 1354 1025 1417; x_wconf 85' lang='lat' dir='ltr'><strong>pura</strong></span> <span class='ocrx_word' id='word_1_90' title='bbox 1040 1342 1073 1398; x_wconf 90' lang='lat' dir='ltr'><strong>et</strong></span> <span class='ocrx_word' id='word_1_91' title='bbox 1094 1341 1246 1420; x_wconf 90' lang='lat' dir='ltr'><strong>genuina</strong></span> <span class='ocrx_word' id='word_1_92' title='bbox 1268 1357 1303 1401; x_wconf 86' lang='lat' dir='ltr'><strong>ex</strong></span> 
     </span>
     <span class='ocr_line' id='line_1_12' title="bbox 96 1437 1303 1526; baseline 0.003 -25"><span class='ocrx_word' id='word_1_93' title='bbox 96 1438 174 1519; x_wconf 92' lang='lat' dir='ltr'><strong>ipsis</strong></span> <span class='ocrx_word' id='word_1_94' title='bbox 193 1437 355 1500; x_wconf 88' lang='lat' dir='ltr'><strong>veteribus</strong></span> <span class='ocrx_word' id='word_1_95' title='bbox 378 1437 467 1499; x_wconf 90' lang='lat' dir='ltr'><strong>libris</strong></span> <span class='ocrx_word' id='word_1_96' title='bbox 489 1440 553 1500; x_wconf 89' lang='lat' dir='ltr'><strong>sint</strong></span> <span class='ocrx_word' id='word_1_97' title='bbox 573 1437 733 1523; x_wconf 65' lang='lat' dir='ltr'><strong>relietal).</strong></span> <span class='ocrx_word' id='word_1_98' title='bbox 786 1438 862 1510; x_wconf 85' lang='lat' dir='ltr'><strong>Quae</strong></span> <span class='ocrx_word' id='word_1_99' title='bbox 886 1438 1096 1501; x_wconf 80' lang='lat' dir='ltr'><strong>desuetudine</strong></span> <span class='ocrx_word' id='word_1_100' title='bbox 1129 1441 1187 1502; x_wconf 86' lang='lat' dir='ltr'><strong>vel</strong></span> <span class='ocrx_word' id='word_1_101' title='bbox 1219 1440 1303 1526; x_wconf 86' lang='lat' dir='ltr'><strong>legi·</strong></span> 
     </span>
     <span class='ocr_line' id='line_1_13' title="bbox 97 1539 1304 1622; baseline 0.003 -21"><span class='ocrx_word' id='word_1_102' title='bbox 97 1540 157 1601; x_wconf 91' lang='lat' dir='ltr'><strong>bus</strong></span> <span class='ocrx_word' id='word_1_103' title='bbox 185 1544 274 1601; x_wconf 91' lang='lat' dir='ltr'><strong>erant</strong></span> <span class='ocrx_word' id='word_1_104' title='bbox 303 1539 474 1620; x_wconf 88' lang='lat' dir='ltr'><strong>abrogata,</strong></span> <span class='ocrx_word' id='word_1_105' title='bbox 510 1539 624 1601; x_wconf 91' lang='lat' dir='ltr'><strong>omissa</strong></span> <span class='ocrx_word' id='word_1_106' title='bbox 651 1545 725 1600; x_wconf 90' lang='lat' dir='ltr'><strong>suut</strong></span> <span class='ocrx_word' id='word_1_107' title='bbox 745 1546 860 1620; x_wconf 87' lang='lat' dir='ltr'><strong>praeter</strong></span> <span class='ocrx_word' id='word_1_108' title='bbox 886 1558 933 1614; x_wconf 88' lang='lat' dir='ltr'><strong>ea,</strong></span> <span class='ocrx_word' id='word_1_109' title='bbox 953 1557 1025 1620; x_wconf 78' lang='lat' dir='ltr'><strong>que</strong></span> <span class='ocrx_word' id='word_1_110' title='bbox 1049 1557 1089 1601; x_wconf 90' lang='lat' dir='ltr'><strong>ex</strong></span> <span class='ocrx_word' id='word_1_111' title='bbox 1113 1542 1304 1622; x_wconf 87' lang='lat' dir='ltr'><strong>antiquitate</strong></span> 
     </span>
     <span class='ocr_line' id='line_1_14' title="bbox 98 1636 1304 1726; baseline 0.003 -25"><span class='ocrx_word' id='word_1_112' title='bbox 98 1645 151 1702; x_wconf 93' lang='lat' dir='ltr'><strong>aut</strong></span> <span class='ocrx_word' id='word_1_113' title='bbox 176 1644 305 1718; x_wconf 93' lang='lat' dir='ltr'><strong>propter</strong></span> <span class='ocrx_word' id='word_1_114' title='bbox 323 1637 509 1700; x_wconf 86' lang='lat' dir='ltr'><strong>divisionem</strong></span> <span class='ocrx_word' id='word_1_115' title='bbox 533 1638 751 1720; x_wconf 89' lang='lat' dir='ltr'><strong>plenioremve</strong></span> <span class='ocrx_word' id='word_1_116' title='bbox 772 1636 952 1721; x_wconf 87' lang='lat' dir='ltr'><strong>indaginem</strong></span> <span class='ocrx_word' id='word_1_117' title='bbox 975 1656 1045 1702; x_wconf 88' lang='lat' dir='ltr'><strong>oum</strong></span> <span class='ocrx_word' id='word_1_118' title='bbox 1058 1639 1141 1703; x_wconf 84' lang='lat' dir='ltr'><strong>loeis</strong></span> <span class='ocrx_word' id='word_1_119' title='bbox 1162 1647 1304 1726; x_wconf 80' lang='lat' dir='ltr'><strong>receptis</strong></span> 
     </span>
     <span class='ocr_line' id='line_1_15' title="bbox 101 1738 520 1826; baseline -0.005 -26"><span class='ocrx_word' id='word_1_120' title='bbox 101 1740 266 1802; x_wconf 88' lang='lat' dir='ltr'><strong>coniuncta</strong></span> <span class='ocrx_word' id='word_1_121' title='bbox 288 1755 468 1801; x_wconf 87' lang='lat' dir='ltr'><strong>remansere</strong></span> <span class='ocrx_word' id='word_1_122' title='bbox 479 1738 520 1826; x_wconf 83' lang='lat'><strong>⁴).</strong></span> 
     </span>
    </p>

    <p class='ocr_par' dir='ltr' id='par_1_3' title="bbox 100 1838 1305 2325">
     <span class='ocr_line' id='line_1_16' title="bbox 141 1838 1305 1921; baseline 0.004 -17"><span class='ocrx_word' id='word_1_123' title='bbox 141 1844 172 1921; x_wconf 67' lang='grc' dir='ltr'><strong>ξ.</strong></span> <span class='ocrx_word' id='word_1_124' title='bbox 190 1838 240 1904; x_wconf 85' lang='grc'><strong>88.</strong></span> <span class='ocrx_word' id='word_1_125' title='bbox 286 1839 427 1920; x_wconf 86' lang='lat' dir='ltr'><strong>Coeptum</strong></span> <span class='ocrx_word' id='word_1_126' title='bbox 450 1839 674 1902; x_wconf 89' lang='lat' dir='ltr'><strong>Pandeetarum</strong></span> <span class='ocrx_word' id='word_1_127' title='bbox 696 1856 775 1920; x_wconf 86' lang='lat' dir='ltr'><strong>opus</strong></span> <span class='ocrx_word' id='word_1_128' title='bbox 806 1862 847 1902; x_wconf 79' lang='lat' dir='ltr'><strong>mr</strong></span> <span class='ocrx_word' id='word_1_129' title='bbox 875 1838 950 1902; x_wconf 87' lang='lat' dir='ltr'><strong>Dec.</strong></span> <span class='ocrx_word' id='word_1_130' title='bbox 970 1863 1065 1916; x_wconf 79' lang='lat' dir='ltr'><strong>arax,</strong></span> <span class='ocrx_word' id='word_1_131' title='bbox 1104 1842 1305 1921; x_wconf 87' lang='lat' dir='ltr'><strong>publicatum</strong></span> 
     </span>
     <span class='ocr_line' id='line_1_17' title="bbox 100 1940 1304 2023; baseline 0.001 -18"><span class='ocrx_word' id='word_1_132' title='bbox 100 1940 414 2005; x_wconf 63' lang='lat' dir='ltr'><strong>anomoeorum.</strong></span> <span class='ocrx_word' id='word_1_133' title='bbox 438 1947 470 2002; x_wconf 92' lang='lat' dir='ltr'><strong>et</strong></span> <span class='ocrx_word' id='word_1_134' title='bbox 494 1959 568 2002; x_wconf 85' lang='lat' dir='ltr'>xxx.</span> <span class='ocrx_word' id='word_1_135' title='bbox 595 1941 736 2004; x_wconf 86' lang='lat' dir='ltr'><strong>eiusdem</strong></span> <span class='ocrx_word' id='word_1_136' title='bbox 762 1943 877 2003; x_wconf 89' lang='lat' dir='ltr'><strong>mensis</strong></span> <span class='ocrx_word' id='word_1_137' title='bbox 899 1940 951 2004; x_wconf 93' lang='lat' dir='ltr'><strong>die</strong></span> <span class='ocrx_word' id='word_1_138' title='bbox 973 1942 1004 2002; x_wconf 88' lang='lat' dir='ltr'><strong>vi</strong></span> <span class='ocrx_word' id='word_1_139' title='bbox 1025 1940 1108 2023; x_wconf 89' lang='lat' dir='ltr'><strong>legis</strong></span> <span class='ocrx_word' id='word_1_140' title='bbox 1136 1946 1304 2010; x_wconf 87' lang='lat' dir='ltr'><strong>munitum.</strong></span> 
     </span>
     <span class='ocr_line' id='line_1_18' title="bbox 101 2041 1305 2125; baseline 0.005 -20"><span class='ocrx_word' id='word_1_141' title='bbox 101 2041 240 2105; x_wconf 87' lang='lat' dir='ltr'><strong>Sancivit</strong></span> <span class='ocrx_word' id='word_1_142' title='bbox 271 2042 363 2105; x_wconf 93' lang='lat' dir='ltr'><strong>simul</strong></span> <span class='ocrx_word' id='word_1_143' title='bbox 388 2043 601 2118; x_wconf 89' lang='lat' dir='ltr'><strong>Iustinianus,</strong></span> <span class='ocrx_word' id='word_1_144' title='bbox 629 2044 746 2104; x_wconf 90' lang='lat' dir='ltr'><strong>nemini</strong></span> <span class='ocrx_word' id='word_1_145' title='bbox 776 2043 876 2104; x_wconf 91' lang='lat' dir='ltr'><strong>licere</strong></span> <span class='ocrx_word' id='word_1_146' title='bbox 907 2043 1010 2125; x_wconf 88' lang='lat' dir='ltr'><strong>signis</strong></span> <span class='ocrx_word' id='word_1_147' title='bbox 1043 2042 1095 2104; x_wconf 88' lang='lat' dir='ltr'><strong>vel</strong></span> <span class='ocrx_word' id='word_1_148' title='bbox 1125 2047 1219 2108; x_wconf 86' lang='lat' dir='ltr'><strong>notis</strong></span> <span class='ocrx_word' id='word_1_149' title='bbox 1251 2049 1305 2111; x_wconf 89' lang='lat' dir='ltr'><strong>bos</strong></span> 
     </span>
     <span class='ocr_line' id='line_1_19' title="bbox 101 2129 1305 2224; baseline 0.003 -19"><span class='ocrx_word' id='word_1_150' title='bbox 101 2142 199 2206; x_wconf 89' lang='lat' dir='ltr'><strong>libros</strong></span> <span class='ocrx_word' id='word_1_151' title='bbox 223 2144 376 2221; x_wconf 86' lang='lat' dir='ltr'><strong>scribere,</strong></span> <span class='ocrx_word' id='word_1_152' title='bbox 398 2144 629 2206; x_wconf 87' lang='lat' dir='ltr'><strong>commentariis</strong></span> <span class='ocrx_word' id='word_1_153' title='bbox 650 2143 812 2206; x_wconf 86' lang='lat' dir='ltr'><strong>illustrare</strong></span> <span class='ocrx_word' id='word_1_154' title='bbox 842 2161 940 2205; x_wconf 90' lang='lat' dir='ltr'><strong>eosve</strong></span> <span class='ocrx_word' id='word_1_155' title='bbox 972 2160 1012 2205; x_wconf 91' lang='lat' dir='ltr'><strong>ex</strong></span> <span class='ocrx_word' id='word_1_156' title='bbox 1033 2129 1112 2224; x_wconf 89' lang='lat' dir='ltr'><strong>ipsis</strong></span> <span class='ocrx_word' id='word_1_157' title='bbox 1134 2145 1305 2211; x_wconf 87' lang='lat' dir='ltr'><strong>iuriscon-</strong></span> 
     </span>
     <span class='ocr_line' id='line_1_20' title="bbox 100 2242 897 2325; baseline 0 -21"><span class='ocrx_word' id='word_1_158' title='bbox 100 2242 253 2306; x_wconf 89' lang='lat' dir='ltr'><strong>sultorum</strong></span> <span class='ocrx_word' id='word_1_159' title='bbox 276 2245 401 2324; x_wconf 90' lang='lat' dir='ltr'><strong>scriptis</strong></span> <span class='ocrx_word' id='word_1_160' title='bbox 422 2247 586 2325; x_wconf 85' lang='lat' dir='ltr'><strong>corrigere</strong></span> <span class='ocrx_word' id='word_1_161' title='bbox 604 2243 657 2305; x_wconf 89' lang='lat' dir='ltr'><strong>vel</strong></span> <span class='ocrx_word' id='word_1_162' title='bbox 682 2243 897 2324; x_wconf 70' lang='lat' dir='ltr'><strong>emendarel).</strong></span> 
     </span>
    </p>
   </div>
   <div class='ocr_carea' id='block_1_3' title="bbox 497 2428 897 2499">
    <p class='ocr_par' dir='ltr' id='par_1_4' title="bbox 497 2428 897 2499">
     <span class='ocr_line' id='line_1_21' title="bbox 497 2428 897 2499; baseline 0 -15"><span class='ocrx_word' id='word_1_163' title='bbox 497 2432 564 2484; x_wconf 84' lang='lat' dir='ltr'><strong>uru.</strong></span> <span class='ocrx_word' id='word_1_164' title='bbox 577 2433 625 2484; x_wconf 90' lang='lat'>111.</span> <span class='ocrx_word' id='word_1_165' title='bbox 662 2432 711 2484; x_wconf 80' lang='lat' dir='ltr'><strong>oa</strong></span> <span class='ocrx_word' id='word_1_166' title='bbox 729 2428 897 2499; x_wconf 71' lang='lat' dir='ltr'><strong>coerceo.</strong></span> 
     </span>
    </p>
   </div>
   <div class='ocr_carea' id='block_1_4' title="bbox 100 2555 1307 3557">
    <p class='ocr_par' dir='ltr' id='par_1_5' title="bbox 100 2555 1306 3050">
     <span class='ocr_line' id='line_1_22' title="bbox 141 2555 1306 2647; baseline 0.001 -17"><span class='ocrx_word' id='word_1_167' title='bbox 141 2569 172 2647; x_wconf 74' lang='lat'><strong>§-</strong></span> <span class='ocrx_word' id='word_1_168' title='bbox 183 2564 233 2630; x_wconf 86' lang='grc'><strong>89.</strong></span> <span class='ocrx_word' id='word_1_169' title='bbox 278 2555 424 2628; x_wconf 79' lang='lat' dir='ltr'><strong>Continet</strong></span> <span class='ocrx_word' id='word_1_170' title='bbox 448 2564 556 2627; x_wconf 86' lang='lat' dir='ltr'><strong>Codex</strong></span> <span class='ocrx_word' id='word_1_171' title='bbox 576 2565 720 2644; x_wconf 80' lang='lat' dir='ltr'><strong>repetitae</strong></span> <span class='ocrx_word' id='word_1_172' title='bbox 742 2563 954 2644; x_wconf 86' lang='lat' dir='ltr'><strong>praeleotionis</strong></span> <span class='ocrx_word' id='word_1_173' title='bbox 977 2566 1227 2630; x_wconf 87' lang='lat' dir='ltr'><strong>constitutiones</strong></span> <span class='ocrx_word' id='word_1_174' title='bbox 1242 2568 1306 2631; x_wconf 92' lang='lat' dir='ltr'><strong>lm·</strong></span> 
     </span>
     <span class='ocr_line' id='line_1_23' title="bbox 100 2665 1305 2747; baseline 0.002 -19"><span class='ocrx_word' id='word_1_175' title='bbox 100 2671 292 2746; x_wconf 63' lang='lat' dir='ltr'><strong>peratorum‘</strong></span> <span class='ocrx_word' id='word_1_176' title='bbox 305 2665 343 2730; x_wconf 90' lang='lat' dir='ltr'><strong>ab</strong></span> <span class='ocrx_word' id='word_1_177' title='bbox 365 2665 523 2731; x_wconf 89' lang='lat' dir='ltr'><strong>Hadriano</strong></span> <span class='ocrx_word' id='word_1_178' title='bbox 544 2666 583 2729; x_wconf 89' lang='lat' dir='ltr'><strong>ad</strong></span> <span class='ocrx_word' id='word_1_179' title='bbox 606 2665 811 2728; x_wconf 90' lang='lat' dir='ltr'><strong>lastinianum</strong></span> <span class='ocrx_word' id='word_1_180' title='bbox 834 2682 936 2745; x_wconf 88' lang='lat' dir='ltr'><strong>usque</strong></span> <span class='ocrx_word' id='word_1_181' title='bbox 950 2667 1081 2727; x_wconf 91' lang='lat' dir='ltr'><strong>emissas</strong></span> <span class='ocrx_word' id='word_1_182' title='bbox 1093 2685 1102 2740; x_wconf 83' lang='lat'>3</span> <span class='ocrx_word' id='word_1_183' title='bbox 1127 2685 1213 2747; x_wconf 77' lang='lat' dir='ltr'><strong>quaa,</strong></span> <span class='ocrx_word' id='word_1_184' title='bbox 1241 2675 1305 2731; x_wconf 89' lang='lat' dir='ltr'><strong>tum</strong></span> 
     </span>
     <span class='ocr_line' id='line_1_24' title="bbox 101 2765 1306 2845; baseline 0.003 -16"><span class='ocrx_word' id='word_1_185' title='bbox 101 2766 141 2829; x_wconf 91' lang='lat' dir='ltr'><strong>de</strong></span> <span class='ocrx_word' id='word_1_186' title='bbox 162 2768 265 2829; x_wconf 88' lang='lat' dir='ltr'><strong>veteri</strong></span> <span class='ocrx_word' id='word_1_187' title='bbox 287 2768 358 2830; x_wconf 91' lang='lat' dir='ltr'><strong>iure</strong></span> <span class='ocrx_word' id='word_1_188' title='bbox 380 2773 566 2845; x_wconf 88' lang='lat' dir='ltr'><strong>statuentes,</strong></span> <span class='ocrx_word' id='word_1_189' title='bbox 590 2767 734 2842; x_wconf 88' lang='lat' dir='ltr'><strong>decreta,</strong></span> <span class='ocrx_word' id='word_1_190' title='bbox 759 2765 1038 2839; x_wconf 82' lang='lat' dir='ltr'><strong>interlocutiones,</strong></span> <span class='ocrx_word' id='word_1_191' title='bbox 1069 2766 1108 2829; x_wconf 91' lang='lat' dir='ltr'><strong>de</strong></span> <span class='ocrx_word' id='word_1_192' title='bbox 1131 2768 1206 2831; x_wconf 90' lang='lat' dir='ltr'><strong>iure</strong></span> <span class='ocrx_word' id='word_1_193' title='bbox 1229 2788 1306 2833; x_wconf 92' lang='lat' dir='ltr'><strong>res-</strong></span> 
     </span>
     <span class='ocr_line' id='line_1_25' title="bbox 101 2867 1306 2950; baseline 0.004 -22"><span class='ocrx_word' id='word_1_194' title='bbox 101 2868 200 2948; x_wconf 89' lang='lat' dir='ltr'><strong>cripta</strong></span> <span class='ocrx_word' id='word_1_195' title='bbox 224 2873 254 2929; x_wconf 93' lang='lat' dir='ltr'><strong>et</strong></span> <span class='ocrx_word' id='word_1_196' title='bbox 285 2869 428 2948; x_wconf 79' lang='lat' dir='ltr'><strong>epistole</strong></span> <span class='ocrx_word' id='word_1_197' title='bbox 461 2873 552 2945; x_wconf 88' lang='lat' dir='ltr'><strong>sunt,</strong></span> <span class='ocrx_word' id='word_1_198' title='bbox 579 2873 643 2929; x_wconf 90' lang='lat' dir='ltr'><strong>tum</strong></span> <span class='ocrx_word' id='word_1_199' title='bbox 676 2885 758 2930; x_wconf 89' lang='lat' dir='ltr'><strong>nova</strong></span> <span class='ocrx_word' id='word_1_200' title='bbox 789 2867 987 2945; x_wconf 88' lang='lat' dir='ltr'><strong>sancientes,</strong></span> <span class='ocrx_word' id='word_1_201' title='bbox 1022 2867 1060 2930; x_wconf 91' lang='lat' dir='ltr'><strong>ad</strong></span> <span class='ocrx_word' id='word_1_202' title='bbox 1096 2870 1306 2950; x_wconf 84' lang='lat' dir='ltr'><strong>magistratus</strong></span> 
     </span>
     <span class='ocr_line' id='line_1_26' title="bbox 101 2968 698 3050; baseline -0.008 -17"><span class='ocrx_word' id='word_1_203' title='bbox 101 2970 254 3046; x_wconf 89' lang='lat' dir='ltr'><strong>mandata,</strong></span> <span class='ocrx_word' id='word_1_204' title='bbox 280 2971 332 3031; x_wconf 90' lang='lat' dir='ltr'><strong>vel</strong></span> <span class='ocrx_word' id='word_1_205' title='bbox 355 2968 394 3031; x_wconf 89' lang='lat' dir='ltr'><strong>ad</strong></span> <span class='ocrx_word' id='word_1_206' title='bbox 415 2968 563 3050; x_wconf 93' lang='lat' dir='ltr'><strong>populum</strong></span> <span class='ocrx_word' id='word_1_207' title='bbox 586 2969 698 3031; x_wconf 89' lang='lat' dir='ltr'><strong>edicta.</strong></span> 
     </span>
    </p>

    <p class='ocr_par' dir='ltr' id='par_1_6' title="bbox 101 3068 1307 3455">
     <span class='ocr_line' id='line_1_27' title="bbox 143 3068 1307 3152; baseline -0.003 -17"><span class='ocrx_word' id='word_1_208' title='bbox 143 3074 173 3152; x_wconf 63' lang='grc' dir='ltr'><strong>ξ.</strong></span> <span class='ocrx_word' id='word_1_209' title='bbox 187 3071 237 3136; x_wconf 88' lang='grc'><strong>90.</strong></span> <span class='ocrx_word' id='word_1_210' title='bbox 280 3071 517 3132; x_wconf 86' lang='lat' dir='ltr'><strong>Accommodari</strong></span> <span class='ocrx_word' id='word_1_211' title='bbox 538 3071 794 3132; x_wconf 88' lang='lat' dir='ltr'><strong>constitutionum</strong></span> <span class='ocrx_word' id='word_1_212' title='bbox 818 3068 965 3132; x_wconf 86' lang='lat' dir='ltr'><strong>Codicem</strong></span> <span class='ocrx_word' id='word_1_213' title='bbox 986 3068 1248 3133; x_wconf 87' lang='lat' dir='ltr'><strong>institutionibus</strong></span> <span class='ocrx_word' id='word_1_214' title='bbox 1276 3078 1307 3134; x_wconf 92' lang='lat' dir='ltr'><strong>et</strong></span> 
     </span>
     <span class='ocr_line' id='line_1_28' title="bbox 101 3171 1307 3250; baseline 0.002 -17"><span class='ocrx_word' id='word_1_215' title='bbox 101 3171 265 3235; x_wconf 90' lang='lat' dir='ltr'><strong>Pandectis</strong></span> <span class='ocrx_word' id='word_1_216' title='bbox 287 3172 480 3234; x_wconf 87' lang='lat' dir='ltr'><strong>Iustinianus</strong></span> <span class='ocrx_word' id='word_1_217' title='bbox 502 3174 607 3248; x_wconf 90' lang='lat' dir='ltr'><strong>iussit,</strong></span> <span class='ocrx_word' id='word_1_218' title='bbox 630 3172 759 3233; x_wconf 89' lang='lat' dir='ltr'><strong>reiectis</strong></span> <span class='ocrx_word' id='word_1_219' title='bbox 778 3171 832 3233; x_wconf 86' lang='lat' dir='ltr'><strong>vel</strong></span> <span class='ocrx_word' id='word_1_220' title='bbox 853 3171 978 3232; x_wconf 88' lang='lat' dir='ltr'><strong>mutatis</strong></span> <span class='ocrx_word' id='word_1_221' title='bbox 1000 3171 1083 3246; x_wconf 88' lang='lat' dir='ltr'><strong>illis,</strong></span> <span class='ocrx_word' id='word_1_222' title='bbox 1117 3187 1190 3250; x_wconf 85' lang='lat' dir='ltr'><strong>quae</strong></span> <span class='ocrx_word' id='word_1_223' title='bbox 1214 3171 1307 3236; x_wconf 85' lang='lat' dir='ltr'><strong>bisce</strong></span> 
     </span>
     <span class='ocr_line' id='line_1_29' title="bbox 103 3271 1307 3358; baseline 0.004 -24"><span class='ocrx_word' id='word_1_224' title='bbox 103 3276 258 3335; x_wconf 90' lang='lat' dir='ltr'><strong>contraria</strong></span> <span class='ocrx_word' id='word_1_225' title='bbox 282 3279 390 3334; x_wconf 90' lang='lat' dir='ltr'><strong>essent</strong></span> <span class='ocrx_word' id='word_1_226' title='bbox 409 3273 547 3348; x_wconf 82' lang='lat' dir='ltr'><strong>inventa,</strong></span> <span class='ocrx_word' id='word_1_227' title='bbox 569 3273 764 3351; x_wconf 89' lang='lat' dir='ltr'><strong>insertisque</strong></span> <span class='ocrx_word' id='word_1_228' title='bbox 785 3271 1029 3351; x_wconf 86' lang='lat' dir='ltr'><strong>quamplurimis</strong></span> <span class='ocrx_word' id='word_1_229' title='bbox 1051 3273 1143 3333; x_wconf 89' lang='lat' dir='ltr'><strong>novis</strong></span> <span class='ocrx_word' id='word_1_230' title='bbox 1169 3272 1307 3358; x_wconf 87' lang='lat' dir='ltr'><strong>legibus</strong></span> 
     </span>
     <span class='ocr_line' id='line_1_30' title="bbox 102 3361 947 3455; baseline -0.004 -20"><span class='ocrx_word' id='word_1_231' title='bbox 102 3373 244 3454; x_wconf 89' lang='lat' dir='ltr'><strong>abipso,</strong></span> <span class='ocrx_word' id='word_1_232' title='bbox 267 3373 339 3435; x_wconf 94' lang='lat' dir='ltr'><strong>dum</strong></span> <span class='ocrx_word' id='word_1_233' title='bbox 364 3373 494 3455; x_wconf 86' lang='lat' dir='ltr'><strong>Digesta</strong></span> <span class='ocrx_word' id='word_1_234' title='bbox 519 3361 743 3448; x_wconf 85' lang='lat' dir='ltr'><strong>condebantur,</strong></span> <span class='ocrx_word' id='word_1_235' title='bbox 768 3372 947 3454; x_wconf 85' lang='lat' dir='ltr'><strong>publicatis.</strong></span> 
     </span>
    </p>

    <p class='ocr_par' dir='ltr' id='par_1_7' title="bbox 110 3465 1307 3557">
     <span class='ocr_line' id='line_1_31' title="bbox 110 3465 1307 3557; baseline 0.003 -19"><span class='ocrx_word' id='word_1_236' title='bbox 110 3536 117 3555; x_wconf 65' lang='grc'><strong>,</strong></span> <span class='ocrx_word' id='word_1_237' title='bbox 145 3477 176 3555; x_wconf 72' lang='lat'><strong>§-</strong></span> <span class='ocrx_word' id='word_1_238' title='bbox 189 3474 240 3538; x_wconf 86' lang='lat'><strong>91.</strong></span> <span class='ocrx_word' id='word_1_239' title='bbox 284 3472 358 3536; x_wconf 86' lang='lat' dir='ltr'><strong>Haec</strong></span> <span class='ocrx_word' id='word_1_240' title='bbox 383 3490 511 3554; x_wconf 89' lang='lat' dir='ltr'><strong>quoque</strong></span> <span class='ocrx_word' id='word_1_241' title='bbox 534 3472 680 3536; x_wconf 89' lang='lat' dir='ltr'><strong>collectio</strong></span> <span class='ocrx_word' id='word_1_242' title='bbox 704 3474 823 3535; x_wconf 87' lang='lat' dir='ltr'><strong>veteris</strong></span> <span class='ocrx_word' id='word_1_243' title='bbox 852 3473 932 3534; x_wconf 90' lang='lat' dir='ltr'><strong>iuris</strong></span> <span class='ocrx_word' id='word_1_244' title='bbox 967 3465 1141 3555; x_wconf 84' lang='lat' dir='ltr'><strong>fragmenta</strong></span> <span class='ocrx_word' id='word_1_245' title='bbox 1170 3483 1307 3557; x_wconf 88' lang='lat' dir='ltr'><strong>mutata,</strong></span> 
     </span>
    </p>
   </div>
   <div class='ocr_carea' id='block_1_5' title="bbox 101 3649 299 3658">
    <p class='ocr_par' dir='ltr' id='par_1_8' title="bbox 101 3649 299 3658">
     <span class='ocr_line' id='line_1_32' title="bbox 101 3649 299 3658; baseline 0 0"><span class='ocrx_word' id='word_1_246' title='bbox 101 3649 299 3658; x_wconf 55' lang='lat' dir='ltr'><em>m</em></span> 
     </span>
    </p>
   </div>
   <div class='ocr_carea' id='block_1_6' title="bbox 101 3763 1308 4535">
    <p class='ocr_par' dir='ltr' id='par_1_9' title="bbox 101 3763 1308 4120">
     <span class='ocr_line' id='line_1_33' title="bbox 102 3763 1308 3830; baseline 0.002 -15"><span class='ocrx_word' id='word_1_247' title='bbox 102 3764 257 3830; x_wconf 86' lang='lat' dir='ltr'><strong>scriptorum</strong></span> <span class='ocrx_word' id='word_1_248' title='bbox 282 3778 420 3828; x_wconf 81' lang='lat' dir='ltr'><strong>separasse</strong></span> <span class='ocrx_word' id='word_1_249' title='bbox 437 3763 561 3816; x_wconf 75' lang='lat' dir='ltr'><strong>videntur</strong></span> <span class='ocrx_word' id='word_1_250' title='bbox 579 3763 777 3830; x_wconf 85' lang='lat' dir='ltr'><strong>Pandeotarum</strong></span> <span class='ocrx_word' id='word_1_251' title='bbox 797 3763 964 3827; x_wconf 53' lang='lat' dir='ltr'><strong>conditorem</strong></span> <span class='ocrx_word' id='word_1_252' title='bbox 982 3778 1064 3815; x_wconf 87' lang='lat' dir='ltr'><strong>unam</strong></span> <span class='ocrx_word' id='word_1_253' title='bbox 1082 3780 1117 3814; x_wconf 85' lang='lat' dir='ltr'><strong>ex</strong></span> <span class='ocrx_word' id='word_1_254' title='bbox 1135 3767 1216 3817; x_wconf 73' lang='lat' dir='ltr'><strong>tibris</strong></span> <span class='ocrx_word' id='word_1_255' title='bbox 1233 3773 1308 3824; x_wconf 61' lang='lat' dir='ltr'><strong>icaria</strong></span> 
     </span>
     <span class='ocr_line' id='line_1_34' title="bbox 102 3833 1306 3906; baseline 0.002 -20"><span class='ocrx_word' id='word_1_256' title='bbox 102 3837 200 3897; x_wconf 75' lang='lat' dir='ltr'><strong>civitio,</strong></span> <span class='ocrx_word' id='word_1_257' title='bbox 219 3835 329 3885; x_wconf 87' lang='lat' dir='ltr'><strong>alteram</strong></span> <span class='ocrx_word' id='word_1_258' title='bbox 340 3850 375 3886; x_wconf 85' lang='lat' dir='ltr'><strong>ex</strong></span> <span class='ocrx_word' id='word_1_259' title='bbox 387 3837 589 3888; x_wconf 60' lang='lat' dir='ltr'><strong>commemorata</strong></span> <span class='ocrx_word' id='word_1_260' title='bbox 600 3837 639 3888; x_wconf 83' lang='lat' dir='ltr'><strong>ad</strong></span> <span class='ocrx_word' id='word_1_261' title='bbox 652 3833 794 3897; x_wconf 76' lang='lat' dir='ltr'><strong>Edictum,</strong></span> <span class='ocrx_word' id='word_1_262' title='bbox 812 3835 917 3886; x_wconf 81' lang='lat' dir='ltr'><strong>tertiam</strong></span> <span class='ocrx_word' id='word_1_263' title='bbox 931 3835 1046 3903; x_wconf 84' lang='lat' dir='ltr'><strong>denique</strong></span> <span class='ocrx_word' id='word_1_264' title='bbox 1067 3850 1103 3887; x_wconf 83' lang='lat' dir='ltr'><strong>ex</strong></span> <span class='ocrx_word' id='word_1_265' title='bbox 1122 3837 1201 3888; x_wconf 82' lang='lat' dir='ltr'><strong>da‘dra‘a</strong></span> <span class='ocrx_word' id='word_1_266' title='bbox 1212 3857 1306 3906; x_wconf 64' lang='lat' dir='ltr'><strong>qma-</strong></span> 
     </span>
     <span class='ocr_line' id='line_1_35' title="bbox 101 3904 1308 3972; baseline 0 -12"><span class='ocrx_word' id='word_1_267' title='bbox 101 3911 215 3968; x_wconf 67' lang='lat' dir='ltr'><strong>suenum,</strong></span> <span class='ocrx_word' id='word_1_268' title='bbox 233 3922 423 3972; x_wconf 75' lang='lat' dir='ltr'><strong>responsorum</strong></span> <span class='ocrx_word' id='word_1_269' title='bbox 440 3907 601 3958; x_wconf 83' lang='lat' dir='ltr'><strong>similibusve</strong></span> <span class='ocrx_word' id='word_1_270' title='bbox 619 3911 793 3959; x_wconf 84' lang='lat' dir='ltr'><strong>constantem.</strong></span> <span class='ocrx_word' id='word_1_271' title='bbox 821 3904 874 3957; x_wconf 79' lang='lat' dir='ltr'><strong>Otr.</strong></span> <span class='ocrx_word' id='word_1_272' title='bbox 889 3906 919 3956; x_wconf 73' lang='lat' dir='ltr'><strong>It*-</strong></span> <span class='ocrx_word' id='word_1_273' title='bbox 938 3909 1037 3960; x_wconf 83' lang='lat' dir='ltr'><strong>Blcme</strong></span> <span class='ocrx_word' id='word_1_274' title='bbox 1058 3908 1086 3958; x_wconf 85' lang='lat' dir='ltr'><strong>iu</strong></span> <span class='ocrx_word' id='word_1_275' title='bbox 1103 3907 1308 3966; x_wconf 80' lang='lat' dir='ltr'><strong>Dissertationa</strong></span> 
     </span>
     <span class='ocr_line' id='line_1_36' title="bbox 102 3977 1307 4046; baseline 0.003 -16"><span class='ocrx_word' id='word_1_276' title='bbox 102 3993 136 4031; x_wconf 88' lang='lat' dir='ltr'><strong>ea</strong></span> <span class='ocrx_word' id='word_1_277' title='bbox 155 3978 189 4030; x_wconf 87' lang='lat' dir='ltr'><strong>de</strong></span> <span class='ocrx_word' id='word_1_278' title='bbox 208 3992 236 4029; x_wconf 88' lang='lat' dir='ltr'><strong>re</strong></span> <span class='ocrx_word' id='word_1_279' title='bbox 250 3977 359 4043; x_wconf 85' lang='lat' dir='ltr'><strong>-scrlpta</strong></span> <span class='ocrx_word' id='word_1_280' title='bbox 382 3978 410 4028; x_wconf 87' lang='lat' dir='ltr'><strong>ln</strong></span> <span class='ocrx_word' id='word_1_281' title='bbox 429 3979 568 4044; x_wconf 71' lang='lat' dir='ltr'><strong>savigny,</strong></span> <span class='ocrx_word' id='word_1_282' title='bbox 595 3977 759 4046; x_wconf 72' lang='lat' dir='ltr'><strong>Zeitaebrayt</strong></span> <span class='ocrx_word' id='word_1_283' title='bbox 782 3979 830 4038; x_wconf 71' lang='lat' dir='ltr'><strong>silo</strong></span> <span class='ocrx_word' id='word_1_284' title='bbox 851 3979 1062 4043; x_wconf 75' lang='lat' dir='ltr'><strong>geaebtobttiebe</strong></span> <span class='ocrx_word' id='word_1_285' title='bbox 1086 3978 1307 4037; x_wconf 78' lang='lat' dir='ltr'><strong>Reelttaaaa&#39;uaaa.</strong></span> 
     </span>
     <span class='ocr_line' id='line_1_37' title="bbox 102 4043 913 4120; baseline -0.005 -18"><span class='ocrx_word' id='word_1_286' title='bbox 102 4051 195 4120; x_wconf 79' lang='lat' dir='ltr'><strong>acboft</strong></span> <span class='ocrx_word' id='word_1_287' title='bbox 216 4053 233 4099; x_wconf 80' lang='lat' dir='ltr'><strong>t.</strong></span> <span class='ocrx_word' id='word_1_288' title='bbox 253 4049 299 4099; x_wconf 91' lang='lat' dir='ltr'><strong>IV.</strong></span> <span class='ocrx_word' id='word_1_289' title='bbox 320 4066 345 4114; x_wconf 94' lang='lat' dir='ltr'><strong>p.</strong></span> <span class='ocrx_word' id='word_1_290' title='bbox 367 4047 455 4115; x_wconf 79' lang='lat' dir='ltr'><strong>2seq.</strong></span> <span class='ocrx_word' id='word_1_291' title='bbox 494 4051 559 4100; x_wconf 83' lang='lat' dir='ltr'><strong>liem</strong></span> <span class='ocrx_word' id='word_1_292' title='bbox 580 4048 687 4100; x_wconf 63' lang='lat' dir='ltr'><strong>tuomst</strong></span> <span class='ocrx_word' id='word_1_293' title='bbox 703 4054 722 4099; x_wconf 85' lang='lat' dir='ltr'><strong>t.</strong></span> <span class='ocrx_word' id='word_1_294' title='bbox 736 4048 787 4100; x_wconf 90' lang='lat'>111.</span> <span class='ocrx_word' id='word_1_295' title='bbox 807 4064 833 4114; x_wconf 88' lang='lat' dir='ltr'><strong>p.</strong></span> <span class='ocrx_word' id='word_1_296' title='bbox 853 4043 913 4099; x_wconf 79' lang='lat'><strong>2⁷8.</strong></span> 
     </span>
    </p>

    <p class='ocr_par' dir='ltr' id='par_1_10' title="bbox 137 4115 1178 4187">
     <span class='ocr_line' id='line_1_38' title="bbox 137 4115 1178 4187; baseline -0.005 -14"><span class='ocrx_word' id='word_1_297' title='bbox 137 4118 164 4187; x_wconf 90' lang='lat'><strong>1)</strong></span> <span class='ocrx_word' id='word_1_298' title='bbox 187 4119 277 4172; x_wconf 81' lang='lat' dir='ltr'><strong>Cenat.</strong></span> <span class='ocrx_word' id='word_1_299' title='bbox 298 4120 332 4171; x_wconf 93' lang='lat' dir='ltr'><strong>de</strong></span> <span class='ocrx_word' id='word_1_300' title='bbox 351 4120 546 4171; x_wconf 84' lang='lat' dir='ltr'><strong>Emendatione</strong></span> <span class='ocrx_word' id='word_1_301' title='bbox 567 4117 682 4181; x_wconf 81' lang='lat' dir='ltr'><strong>Codicis,</strong></span> <span class='ocrx_word' id='word_1_302' title='bbox 700 4118 723 4178; x_wconf 75' lang='lat'><strong>§-</strong></span> <span class='ocrx_word' id='word_1_303' title='bbox 747 4118 771 4171; x_wconf 88' lang='lat'><strong>1.</strong></span> <span class='ocrx_word' id='word_1_304' title='bbox 871 4116 900 4182; x_wconf 80' lang='lat'><strong>2)</strong></span> <span class='ocrx_word' id='word_1_305' title='bbox 919 4118 948 4171; x_wconf 85' lang='lat'><strong>0.</strong></span> <span class='ocrx_word' id='word_1_306' title='bbox 971 4119 1072 4182; x_wconf 81' lang='lat' dir='ltr'><strong>Tanto,</strong></span> <span class='ocrx_word' id='word_1_307' title='bbox 1092 4118 1115 4179; x_wconf 65' lang='grc' dir='ltr'><strong>ὃ.</strong></span> <span class='ocrx_word' id='word_1_308' title='bbox 1136 4115 1178 4170; x_wconf 83' lang='grc'><strong>15.</strong></span> 
     </span>
    </p>

    <p class='ocr_par' dir='ltr' id='par_1_11' title="bbox 102 4187 1306 4317">
     <span class='ocr_line' id='line_1_39' title="bbox 137 4187 1306 4259; baseline -0.001 -15"><span class='ocrx_word' id='word_1_309' title='bbox 137 4190 165 4259; x_wconf 84' lang='lat'><strong>3)</strong></span> <span class='ocrx_word' id='word_1_310' title='bbox 187 4192 254 4243; x_wconf 84' lang='lat' dir='ltr'><strong>Ibid.</strong></span> <span class='ocrx_word' id='word_1_311' title='bbox 276 4189 299 4250; x_wconf 71' lang='lat'><strong>§-</strong></span> <span class='ocrx_word' id='word_1_312' title='bbox 320 4187 363 4241; x_wconf 91' lang='lat'><strong>10.</strong></span> <span class='ocrx_word' id='word_1_313' title='bbox 402 4190 492 4256; x_wconf 73' lang='lat' dir='ltr'><strong>Heapo,</strong></span> <span class='ocrx_word' id='word_1_314' title='bbox 509 4191 569 4253; x_wconf 77' lang='lat' dir='ltr'><strong>jur.</strong></span> <span class='ocrx_word' id='word_1_315' title='bbox 592 4187 811 4256; x_wconf 80' lang='lat' dir='ltr'><strong>Eocyelopoeda&#39;e,</strong></span> <span class='ocrx_word' id='word_1_316' title='bbox 831 4190 881 4241; x_wconf 78' lang='lat' dir='ltr'><strong>lid.</strong></span> <span class='ocrx_word' id='word_1_317' title='bbox 902 4190 962 4252; x_wconf 83' lang='lat' dir='ltr'><strong>vn,</strong></span> <span class='ocrx_word' id='word_1_318' title='bbox 983 4207 1009 4257; x_wconf 92' lang='lat' dir='ltr'><strong>p.</strong></span> <span class='ocrx_word' id='word_1_319' title='bbox 1028 4188 1096 4253; x_wconf 78' lang='lat'><strong>233,</strong></span> <span class='ocrx_word' id='word_1_320' title='bbox 1116 4191 1160 4240; x_wconf 88' lang='lat' dir='ltr'><strong>lin.</strong></span> <span class='ocrx_word' id='word_1_321' title='bbox 1179 4189 1207 4242; x_wconf 89' lang='lat'><strong>8.</strong></span> <span class='ocrx_word' id='word_1_322' title='bbox 1249 4199 1306 4252; x_wconf 86' lang='lat' dir='ltr'><strong>V0.</strong></span> 
     </span>
     <span class='ocr_line' id='line_1_40' title="bbox 102 4260 1177 4317; baseline -0.005 0"><span class='ocrx_word' id='word_1_323' title='bbox 102 4269 196 4317; x_wconf 87' lang='lat' dir='ltr'><strong>cantur</strong></span> <span class='ocrx_word' id='word_1_324' title='bbox 214 4264 255 4313; x_wconf 80' lang='lat' dir='ltr'><strong>he</strong></span> <span class='ocrx_word' id='word_1_325' title='bbox 275 4262 436 4312; x_wconf 84' lang='lat' dir='ltr'><strong>mutationes</strong></span> <span class='ocrx_word' id='word_1_326' title='bbox 457 4265 483 4310; x_wconf 86' lang='lat' dir='ltr'><strong>et</strong></span> <span class='ocrx_word' id='word_1_327' title='bbox 502 4261 687 4312; x_wconf 84' lang='lat' dir='ltr'><strong>additamenta</strong></span> <span class='ocrx_word' id='word_1_328' title='bbox 708 4262 790 4313; x_wconf 88' lang='lat' dir='ltr'><strong>hodie</strong></span> <span class='ocrx_word' id='word_1_329' title='bbox 811 4260 990 4315; x_wconf 81' lang='lat' dir='ltr'><strong>Embtemoto</strong></span> <span class='ocrx_word' id='word_1_330' title='bbox 1011 4261 1177 4314; x_wconf 73' lang='lat' dir='ltr'><strong>Tribont&#39;am&#39;.</strong></span> 
     </span>
    </p>

    <p class='ocr_par' dir='ltr' id='par_1_12' title="bbox 135 4328 848 4400">
     <span class='ocr_line' id='line_1_41' title="bbox 135 4328 848 4400; baseline -0.003 -16"><span class='ocrx_word' id='word_1_331' title='bbox 135 4331 165 4400; x_wconf 88' lang='lat'><strong>4)</strong></span> <span class='ocrx_word' id='word_1_332' title='bbox 183 4334 272 4385; x_wconf 79' lang='lat' dir='ltr'><strong>(tonet.</strong></span> <span class='ocrx_word' id='word_1_333' title='bbox 293 4333 391 4385; x_wconf 76' lang='lat' dir='ltr'><strong>Dedit.</strong></span> <span class='ocrx_word' id='word_1_334' title='bbox 410 4334 495 4393; x_wconf 74' lang='lat' dir='ltr'><strong>nodia,</strong></span> <span class='ocrx_word' id='word_1_335' title='bbox 515 4331 538 4392; x_wconf 65' lang='grc' dir='ltr'><strong>ἓ.</strong></span> <span class='ocrx_word' id='word_1_336' title='bbox 559 4328 600 4382; x_wconf 88' lang='grc'><strong>13.</strong></span> <span class='ocrx_word' id='word_1_337' title='bbox 640 4331 741 4395; x_wconf 83' lang='lat' dir='ltr'><strong>Tanta,</strong></span> <span class='ocrx_word' id='word_1_338' title='bbox 760 4332 784 4392; x_wconf 65' lang='grc' dir='ltr'><strong>ἓ.</strong></span> <span class='ocrx_word' id='word_1_339' title='bbox 805 4329 848 4384; x_wconf 86' lang='grc'><strong>14.</strong></span> 
     </span>
    </p>

    <p class='ocr_par' dir='ltr' id='par_1_13' title="bbox 136 4399 904 4477">
     <span class='ocr_line' id='line_1_42' title="bbox 136 4399 904 4477; baseline -0.003 -21"><span class='ocrx_word' id='word_1_340' title='bbox 136 4402 164 4469; x_wconf 76' lang='grc' dir='ltr'><strong>ὅ)</strong></span> <span class='ocrx_word' id='word_1_341' title='bbox 183 4405 272 4457; x_wconf 75' lang='lat' dir='ltr'><strong>conat.</strong></span> <span class='ocrx_word' id='word_1_342' title='bbox 295 4404 396 4464; x_wconf 82' lang='lat' dir='ltr'><strong>Tanta,</strong></span> <span class='ocrx_word' id='word_1_343' title='bbox 413 4400 436 4460; x_wconf 67' lang='lat' dir='ltr'><strong>b.</strong></span> <span class='ocrx_word' id='word_1_344' title='bbox 455 4400 497 4452; x_wconf 78' lang='lat'><strong>21.</strong></span> <span class='ocrx_word' id='word_1_345' title='bbox 516 4402 551 4454; x_wconf 76' lang='lat'><strong>22</strong></span> <span class='ocrx_word' id='word_1_346' title='bbox 569 4406 596 4454; x_wconf 87' lang='lat' dir='ltr'><strong>et</strong></span> <span class='ocrx_word' id='word_1_347' title='bbox 619 4403 733 4454; x_wconf 79' lang='lat' dir='ltr'><strong>Omnem</strong></span> <span class='ocrx_word' id='word_1_348' title='bbox 749 4407 816 4477; x_wconf 56' lang='lat' dir='ltr'><strong>ram.</strong></span> <span class='ocrx_word' id='word_1_349' title='bbox 836 4403 860 4466; x_wconf 71' lang='lat' dir='ltr'><strong>fi.</strong></span> <span class='ocrx_word' id='word_1_350' title='bbox 879 4399 904 4454; x_wconf 89' lang='lat'><strong>8.</strong></span> 
     </span>
    </p>

    <p class='ocr_par' dir='ltr' id='par_1_14' title="bbox 137 4472 750 4535">
     <span class='ocr_line' id='line_1_43' title="bbox 137 4472 750 4535; baseline 0.003 -8"><span class='ocrx_word' id='word_1_351' title='bbox 137 4472 166 4535; x_wconf 88' lang='grc'><strong>6)</strong></span> <span class='ocrx_word' id='word_1_352' title='bbox 186 4476 277 4530; x_wconf 77' lang='lat' dir='ltr'><strong>Cenat·</strong></span> <span class='ocrx_word' id='word_1_353' title='bbox 298 4475 332 4528; x_wconf 87' lang='lat' dir='ltr'><strong>de</strong></span> <span class='ocrx_word' id='word_1_354' title='bbox 351 4473 539 4528; x_wconf 78' lang='lat' dir='ltr'><strong>emendatione</strong></span> <span class='ocrx_word' id='word_1_355' title='bbox 557 4472 670 4528; x_wconf 80' lang='lat' dir='ltr'><strong>Codicis.</strong></span> <span class='ocrx_word' id='word_1_356' title='bbox 748 4525 750 4529; x_wconf 89' lang='lat'><em>.</em></span> 
     </span>
    </p>
   </div>
   <div class='ocr_carea' id='block_1_7' title="bbox 0 0 1415 4966">
    <p class='ocr_par' dir='ltr' id='par_1_15' title="bbox 0 0 1415 4966">
     <span class='ocr_line' id='line_1_44' title="bbox 0 0 1415 4966; baseline 0 0"><span class='ocrx_word' id='word_1_357' title='bbox 0 0 1415 4966; x_wconf 95' lang='lat' dir='ltr'><strong> </strong></span> 
     </span>
    </p>
   </div>
  </div>
 </body>
</html>
