2804 4966
153 305 206 364 148
333 302 337 308 '
472 313 673 353 rssrrrurrosrs
691 313 766 352 runis
785 312 890 352 sonru
909 311 1030 352 rsrvnrs.

154 461 245 508 rores
270 460 310 505 ex
340 459 403 504 uno
431 441 531 503 latere
558 443 657 503 iuncti
684 442 841 504 iunctaeve
865 459 1016 504 eorumve
1038 441 1150 516 liberi3
1184 446 1217 503 et
1245 446 1359 522 quarto

156 544 278 606 demum
301 543 411 605 ordine
433 547 638 625 cognatorum
659 542 855 623 reliquorum
878 544 1013 624 quisque
1034 543 1196 624 proximus
1209 544 1249 630 1).

196 649 226 726 ξ.
239 644 312 710 515.
358 644 509 723 Superest
549 648 584 704 ut
617 643 857 706 admoneamus:
903 644 1139 724 perduelliones
1181 659 1360 723 eorumque

46 728 50 739 ⁸
155 743 293 819 liberos,
318 749 476 824 apostatas
500 748 531 806 et
554 744 721 807 hereticos
743 745 961 826 improbiores,
986 751 1017 808 et
1038 745 1076 807 od
1099 746 1209 807 mortis
1233 761 1360 825 poeuem

156 849 333 923 damnatos,
367 844 525 927 legitimos
548 846 599 907 vel
623 847 803 926 propiorum
826 863 954 909 suorum
988 852 1192 938 cognotorum
1221 845 1360 909 heredes

155 951 222 1013 lieri
245 967 308 1011 non
331 947 478 1033 pessel).
522 946 631 1008 Viduae
661 949 740 1010 intra
768 967 881 1011 annum
903 948 1070 1031 lugubrem
1092 949 1249 1011 nubentes
1275 949 1360 1012 ultro

155 1049 328 1114 secundum
358 1048 489 1130 gradum
517 1050 661 1130 cognatis
687 1048 861 1111 succedere
883 1050 1095 1130 impediuntur
1105 1051 1141 1133 ³).
1185 1051 1360 1115 Affinitutis

156 1151 318 1217 successio
342 1155 373 1212 et
394 1150 565 1211 novissimo
587 1150 657 1210 iure
678 1168 807 1212 romano
832 1150 918 1215 nulla
942 1154 1095 1232 permissa
1119 1157 1167 1214 est
1178 1153 1219 1240 ⁴).

205 1341 273 1392 TIT.
292 1339 338 1390 IV.
374 1339 423 1390 DE
445 1337 612 1417 SINGULIS
630 1339 888 1392 LEGITIMORUM
908 1341 1087 1394 HEREDUM
1107 1341 1316 1396 ORDINIBUS.

150 1535 153 1542 ‚
199 1479 230 1558 ξ.
243 1473 316 1542 516.
359 1472 479 1534 Primus
500 1472 710 1553 legitimorum
734 1473 886 1536 heredum
915 1475 993 1537 ordo
1015 1481 1064 1536 cst
1084 1474 1280 1553 liberorum,
1307 1475 1363 1539 vel

159 1583 194 1638 ut
213 1575 308 1638 hodie
331 1573 448 1650 dicunt,
469 1571 722 1636 descendentium.
764 1574 873 1654 ltaque
895 1577 923 1638 si
944 1575 1174 1638 descendentes
1190 1576 1307 1639 hebeat
1320 1577 1361 1653 is,

158 1679 211 1759 qui
233 1677 399 1737 intestatus
422 1675 572 1751 moritur,
594 1677 820 1757 cuiuscumque
842 1681 915 1738 sunt
933 1694 1030 1740 sexus
1051 1683 1105 1740 aut
1123 1677 1265 1761 grnduS,
1288 1679 1363 1741 sive

159 1796 198 1841 ex
218 1775 364 1839 mosculis
387 1778 456 1837 sive
480 1794 519 1837 ex
543 1775 666 1839 leminis
690 1776 906 1854 descendunt,
940 1779 1009 1840 sive
1041 1780 1091 1841 sui
1117 1779 1198 1840 iuris
1226 1779 1301 1842 sive
1328 1779 1362 1841 iu

161 1883 318 1960 potestate
331 1881 415 1953 sunt,
437 1876 484 1938 illi
508 1877 651 1939 omnibus
675 1877 918 1940 ascendentibus
943 1885 985 1957 et,
1009 1881 1063 1960 qui
1085 1898 1126 1941 ex
1146 1878 1252 1941 latere
1275 1885 1361 1956 sunt,

159 1980 304 2063 cognatis
326 1977 603 2066 preponunturl).
647 1977 687 2039 Et
705 1979 780 2040 licet
796 1979 963 2042 defunctus
979 1981 1037 2042 sub
1056 1981 1188 2043 ulterius
1200 1985 1363 2062 potestate

157 2083 264 2160 suerit,
286 2081 379 2143 liberi
401 2085 502 2141 temen
522 2081 602 2157 eius,
625 2082 842 2163 cuiuscunque
854 2087 928 2144 sunt
947 2098 1043 2143 sexus
1058 2085 1112 2144 sut
1124 2081 1259 2164 gradus,
1281 2083 1362 2164 ipsis

159 2185 250 2247 etiarn
271 2180 464 2263 perentibus
490 2181 548 2241 sub
563 2198 696 2261 quorum
708 2189 864 2264 potestate
879 2188 978 2260 erent,
1001 2183 1225 2264 praeleruntur,
1249 2184 1362 2247 inillis

158 2285 281 2349 scilicet
301 2281 408 2359 rebus,
432 2298 502 2362 quae
524 2287 686 2363 parentum
709 2302 771 2346 non
792 2290 875 2362 sunt,
899 2283 956 2348 sed
977 2285 1076 2364 ipsius
1099 2284 1255 2346 defuncti.

200 2387 314 2470 §.tls
357 2385 423 2447 Nec
443 2387 476 2446 in
496 2386 556 2448 hoc
579 2386 689 2448 ordine
711 2387 829 2469 gradus
849 2388 1032 2467 proximitas
1056 2386 1241 2448 necessario
1264 2404 1362 2467 spec-

159 2494 260 2551 tetur:
286 2486 343 2549 sed
365 2505 433 2549 cum
457 2487 530 2550 filiis
553 2493 585 2550 et
612 2488 736 2551 filiabus
767 2494 897 2570 nepotes
927 2506 967 2550 ex
996 2494 1184 2570 premortuo
1214 2486 1283 2551 filio
1311 2487 1363 2549 vel

160 2589 224 2651 filia
250 2595 421 2652 vocantur:
456 2591 509 2671 qui
532 2587 687 2670 quotquot
709 2597 801 2667 sunt,
832 2597 945 2655 tentem
969 2610 1009 2654 ex
1035 2590 1210 2653 hereditate
1242 2595 1362 2670 partem

160 2690 297 2769 copiunt,
321 2696 466 2770 quantem
488 2708 601 2771 parens
625 2692 783 2772 ipsorum,
807 2695 834 2754 si
856 2696 1021 2773 superstes
1044 2696 1148 2768 essct,
1171 2693 1360 2773 accepisset.

158 2790 320 2853 Dividitur
342 2791 440 2873 igitur
462 2791 494 2852 in
515 2792 575 2853 hoc
598 2792 709 2853 ordine
732 2791 891 2854 heredites
915 2792 947 2853 in
971 2793 1089 2872 eapite,
1113 2791 1140 2852 si
1164 2789 1360 2854 solummodo

160 2892 216 2953 dlii
237 2891 369 2969 filiaeve,
394 2891 446 2953 vel
469 2910 508 2953 ex
532 2892 642 2954 eodem
664 2891 883 2972 lilionepotes
905 2892 957 2954 vel
976 2897 1087 2972 neptes
1105 2891 1307 2969 succedunt,
1330 2893 1359 2952 et

156 2993 189 3053 in
210 2992 337 3072 stirpes,
361 2992 388 3052 si
408 2997 540 3071 nepotes
564 2997 596 3052 et
607 2996 717 3072 neptes
740 2991 884 3072 pluribus
901 3010 970 3054 curn
992 2992 1065 3054 filiis
1086 2991 1257 3055 filiabusve
1268 2986 1356 3054 simul

158 3092 335 3157 succedunt
346 3091 385 3178 ⁶).
429 3090 495 3155 Hoc
518 3092 551 3152 in
579 3091 692 3152 ordine
723 3109 831 3154 omnes
856 3092 949 3155 liberi
978 3091 1116 3172 adoptati
1143 3093 1353 3166 admittuntur,

160 3199 191 3254 et
215 3192 253 3254 ed
276 3192 509 3254 successionem
532 3193 641 3253 metris
664 3197 724 3253 mm
746 3192 879 3275 legitimi
901 3211 992 3274 quem
1012 3192 1112 3276 vulgo
1134 3195 1270 3275 quesiti.
1315 3240 1322 3245 -

202 3295 232 3375 ξ.
247 3291 320 3359 518.
365 3291 455 3382 Quod
477 3293 504 3354 si
521 3291 688 3355 defunctus
703 3291 918 3355 descendentes
933 3311 996 3356 uon
1009 3294 1150 3374 reliquit,
1173 3292 1351 3358 insecundo

161 3395 271 3458 ordine
297 3393 346 3455 hae
374 3393 467 3456 simul
495 3410 640 3474 personae
668 3401 841 3457 vocentur:
875 3401 1022 3476 parentes
1057 3395 1209 3476 proximi,
1245 3395 1371 3458 funes

194 3645 222 3712 1)
242 3646 315 3696 Hinc
336 3639 437 3707 antiqui
456 3639 594 3691 rsrsiouli:

350 3711 528 3763 Descendens
549 3711 634 3762 omnis
652 3709 772 3762 succedit
792 3709 821 3760 in
839 3708 932 3760 ordine
952 3707 1036 3774 primo

354 3783 509 3833 decendens
529 3783 644 3848 propior,
663 3795 804 3847 germanus
822 3781 892 3842 filius
913 3780 977 3841 eius,

355 3854 431 3905 Tunc
448 3855 533 3905 latere
549 3868 585 3904 ex
602 3869 655 3904 uno
674 3855 788 3914 iunctus,
807 3865 913 3920 quoque
930 3851 1000 3902 filius
1018 3848 1093 3912 eius3

357 3922 405 3987 (Hi
424 3926 512 3976 cuncti
530 3925 557 3973 in
577 3926 669 3990 stirpes
690 3924 846 3986 succedunt,
861 3923 889 3972 in
908 3923 996 3987 capita
1016 3925 1106 3971 sutem

356 3996 452 4046 Functi
470 3994 653 4058 ascendentes,
672 3998 782 4046 fratrum
800 3995 888 4060 proles
906 4007 1011 4061 quoque
1028 3987 1109 4056 sole),

356 4069 481 4134 Denique
498 4068 645 4133 proximior
664 4064 824 4135 reliquorum
842 4065 953 4132 quisque
973 4068 1115 4129 superstes.

194 4136 223 4207 2)
242 4141 286 4190 ur.
307 4135 331 4190 5.
353 4139 376 4198 s.
396 4138 420 4188 1.
439 4138 464 4190 3.
485 4139 513 4189 c.
532 4137 558 4200 s,
575 4136 593 4189 s
610 4136 659 4204 (ae
676 4139 729 4204 ng.
748 4137 799 4189 nn.
816 4133 900 4201 man).
916 4138 948 4186 n.
964 4133 991 4188 4.
1014 4133 1038 4194 s.
1051 4132 1077 4185 2.
1097 4149 1120 4184 ο.
1139 4129 1181 4185 ne.
1198 4145 1235 4196 pr.
1252 4125 1277 4178 o.
1291 4117 1342 4184 125

158 4212 206 4280 (ds
225 4206 374 4275 hereticis).
396 4227 419 4260 o.
438 4207 463 4260 3.
484 4209 512 4260 O.
534 4210 548 4260 1
579 4205 596 4260 7
615 4207 662 4275 (de
680 4204 830 4276 apostatis).
850 4226 872 4260 c.
891 4204 917 4258 8.
935 4208 964 4259 G.
982 4203 1008 4269 6,
1027 4203 1063 4258 24
1080 4201 1136 4272 (qui
1152 4194 1268 4265 nesam).
1282 4192 1337 4259 30¹1·

133 4310 135 4313 ¹
156 4305 180 4339 c.
204 4284 360 4350 Vanperow,
380 4282 421 4334 11:
435 4279 459 4341 ἓ.
477 4278 540 4332 404.

190 4355 207 4407 o
239 4357 305 4406 nov.
324 4354 366 4406 22.
385 4371 407 4405 ο.
425 4349 468 4404 22.
490 4352 512 4412 s.
528 4351 552 4403 1.
651 4347 681 4415 4)
701 4352 729 4402 c.
750 4350 775 4415 3,
793 4348 818 4402 7.
841 4351 870 4402 c.
889 4349 914 4413 o,
932 4348 966 4403 59
986 4343 1033 4414 (ue
1051 4326 1324 4399 communnione)

209 4355 220 4491 ζ
240 4425 306 4478 Sunt
324 4427 380 4477 haeo
398 4428 453 4477 iere
470 4424 529 4490 ipss
551 4422 669 4474 Novello
686 4423 777 4488 rerba,
796 4439 818 4475 c.
838 4421 863 4474 1.
884 4422 966 4474 initio.

191 4424 218 4564 ἓ)
237 4498 280 4548 Ex
299 4497 396 4550 eedem
412 4496 537 4558 Novella,
557 4511 579 4546 o.
598 4492 622 4546 1.
