2804 4966
514 315 594 355 urana
606 316 637 359 u.
655 315 763 359 ramas.
785 316 842 356 aar.
857 317 894 364 rr,
1252 305 1306 362 181
1384 282 1388 291 ’

140 445 167 511 Si
181 462 226 527 per
242 445 416 513 cautionem
439 443 566 508 collatio
589 443 669 507 facta
692 451 751 523 est,
774 447 938 511 commisso
962 445 1167 528 stipulatione
1188 451 1306 511 exsti..

140 546 223 626 putatu
239 547 319 609 aotio
341 547 488 627 competit
501 545 538 634 ¹).

170 647 263 729 2611.
306 647 419 713 Cessat
440 664 519 709 uero
544 647 728 711 conferendi
751 649 943 713 necessitas:
974 651 1002 712 si
1029 668 1081 713 res
1104 651 1304 715 conterende

140 763 196 810 casu
211 749 374 828 perierint,
397 748 425 810 si
449 745 577 810 collatio
601 749 763 828 speciatim
787 750 920 812 remissa
943 751 1002 828 sit,
1025 756 1080 813 aut
1101 752 1128 813 si
1151 751 1245 815 heres
1267 751 1305 813 ab

139 853 282 916 hereditate
303 848 505 925 abstinuerit,
529 867 637 911 eamve
659 849 876 930 repudiaverit
889 850 929 936 2).

388 1036 456 1090 mu.
476 1037 524 1091 rr.
559 1037 608 1089 oe
626 1036 712 1090 ruau
734 1036 984 1090 inconsonum
996 1035 1027 1103 ⁸).

167 1174 265 1258 §.659
308 1171 342 1236 Si
363 1187 444 1234 unus
464 1169 667 1252 expluribus
689 1170 860 1234 heredibus
884 1170 1019 1248 deliniat,
1041 1177 1094 1234 aut
1108 1172 1192 1252 quod
1209 1173 1306 1235 here-

137 1273 235 1339 ditatem
257 1275 373 1350 omisit,
395 1278 449 1335 aut
472 1272 556 1353 quod
577 1278 649 1336 ante
671 1290 738 1334 sam
760 1271 871 1334 aditam
888 1278 1041 1348 mortuus,
1063 1273 1175 1335 eiusve
1194 1274 1307 1354 acqui-

136 1375 217 1439 renda
237 1377 369 1456 incapax
391 1372 493 1437 factus
517 1378 575 1450 est,
598 1372 782 1435 hereditatis
804 1391 889 1453 pars,
913 1390 1004 1453 quam
1016 1376 1204 1455 accepisset,
1225 1373 1306 1437 roli-

136 1477 187 1554 quia
205 1475 443 1540 successoribus
463 1475 650 1555 acquiritur.
694 1474 770 1536 Cum
784 1475 865 1537 onim
878 1475 997 1557 singuli
1013 1475 1149 1538 herodes
1166 1480 1198 1540 in
1212 1484 1307 1542 totam

135 1571 312 1639 hereditatem
333 1580 498 1651 vocentur,
521 1593 582 1637 nec
603 1576 664 1638 nisi
683 1573 820 1655 plurium
841 1592 999 1638 concursu
1016 1583 1121 1656 partes
1137 1578 1222 1655 liant,
1246 1597 1307 1641 ne-

135 1677 246 1738 cessario
271 1674 418 1752 allicitur,
443 1681 478 1736 ut
497 1675 598 1738 altero
621 1693 730 1738 eorum
753 1674 930 1751 deficiente,
954 1675 1086 1756 reliquis
1107 1679 1151 1741 nil
1174 1679 1307 1742 decres-

134 1775 336 1855 animoque
357 1775 465 1857 plures
488 1774 707 1838 iurisconsulti
728 1776 788 1839 hoo
807 1777 857 1838 ius
880 1776 1086 1840 adcrescendi
1109 1797 1171 1843 non
1195 1781 1306 1843 imme-

132 1873 176 1938 nto
193 1877 238 1938 ius
259 1893 323 1939 non
344 1875 552 1941 decrescendi
574 1875 824 1956 appellaverunt.

162 1975 264 2056 §.659
309 1974 505 2038 Caducorum
527 1977 609 2052 iure,
631 1993 694 2055 quo
715 1976 794 2039 illud
815 1977 889 2041 olim
910 1994 994 2058 saepe
1007 1977 1235 2058 impediebatur
1246 1997 1308 2042 no-

130 2074 235 2139 tissime
258 2075 402 2152 sublato,
434 2077 484 2137 ius
517 2075 721 2138 adcrescendi
755 2061 898 2140 omnibus
930 2079 1147 2158 cuiuscunque
1177 2082 1307 2161 generis

128 2173 275 2242 herodibus
298 2177 458 2258 competit,
482 2183 543 2239 tam
567 2177 734 2261 legitimis,
758 2197 849 2259 quam
872 2180 1133 2255 testamentariis,
1161 2197 1307 2243 necnon

127 2271 258 2342 bonorum
279 2279 521 2361 possessoribus
534 2278 575 2364 ⁴).
619 2280 750 2360 Semper
774 2282 853 2343 enim
878 2280 988 2342 heredi
1008 2280 1214 2343 hereditatem
1228 2298 1305 2344 sus-

126 2375 233 2456 cipienti
258 2378 471 2442 deficientium
504 2380 695 2443 coheredum
723 2386 829 2461 partes
859 2383 1077 2461 acquiruntur.
1123 2381 1182 2454 Oui
1211 2383 1243 2443 in
1269 2401 1315 2457 rc,

122 2484 194 2543 certa
219 2482 384 2544 institutus
412 2485 478 2556 est,
511 2482 582 2542 iure
603 2481 810 2544 adcrescendi
837 2487 901 2543 tum
924 2481 1046 2544 demum
1069 2481 1201 2558 fruitur,
1237 2499 1307 2545 cum

82 2582 86 2589 '
119 2575 193 2644 sotus
211 2582 308 2645 heres
329 2599 369 2643 ex
390 2586 577 2644 testamento
597 2588 760 2662 superest3
785 2583 812 2644 si
836 2585 917 2644 enim
940 2582 1049 2663 plures
1065 2581 1189 2657 adsunt,
1212 2582 1306 2664 lega-

119 2674 180 2745 ι1111
199 2680 270 2746 loco
294 2680 427 2744 habetur
441 2682 480 2769 ⁶).
503 2753 506 2758 ¹

153 2782 261 2863 §.669
306 2782 475 2847 Adoresoit
502 2799 576 2862 pars
603 2801 720 2846 vacans
746 2783 957 2847 coheredibus
980 2784 1048 2865 ipso
1076 2785 1167 2861 iure,
1202 2786 1305 2864 iisque

112 2870 324 2958 ignorantibus
346 2883 439 2959 adeo,
461 2885 554 2946 immo
575 2884 684 2946 invitis
696 2903 705 2958 ;
729 2902 799 2947 oum
821 2885 902 2947 enim
924 2885 1129 2947 hereditatem
1142 2901 1200 2966 pro
1216 2890 1305 2965 parte

110 2975 190 3048 altro
216 2989 248 3049 et
272 3001 331 3064 pro
351 2990 443 3064 parte
465 3000 619 3064 respuere
642 3002 704 3046 non
727 2985 847 3061 liceat,
879 2991 1000 3066 partem
1031 2986 1214 3048 hereditatis
1244 2987 1303 3048 iam

107 3074 206 3162 aditae,
230 3101 295 3147 non
318 3084 565 3162 decrescentem,
587 3085 756 3165 repudiare
776 3103 837 3149 non
854 3086 1039 3172 possuntt).
1075 3084 1221 3148 Ceterum
1235 3088 1305 3149 sin-

103 3180 187 3252 sutis
210 3202 269 3266 pro
292 3184 435 3265 partibus
462 3184 662 3248 hereditariis
685 3203 783 3247 vacua
809 3188 912 3267 portio
940 3192 971 3248 et
999 3205 1068 3249 cum
1097 3189 1246 3251 oneribus
1274 3189 1304 3250 ei

100 3267 258 3364 impositis
280 3285 438 3349 adcrescit
452 3284 490 3372 ⁷).

141 3389 174 3470 ὅ,
188 3386 264 3452 661.
308 3383 468 3447 Fruuntur
492 3392 593 3448 autem
627 3387 687 3449 hoc
715 3388 921 3451 adcrescendi
948 3389 1018 3453 iure
1048 3386 1184 3449 heredes
1212 3385 1305 3448 simul

93 3483 211 3549 ⁰ltrnes
234 3486 288 3566 qui
314 3485 520 3548 hereditatem
541 3494 760 3567 suscoperunt.
806 3489 837 3552 si
860 3495 962 3551 tamen
988 3492 1174 3550 testamento
1205 3484 1304 3564 aliqui

89 3587 293 3653 coniunctim
315 3604 385 3649 oum
405 3585 571 3650 deficiente
591 3590 621 3650 in
647 3589 756 3653 eadem
777 3597 866 3671 parte
890 3590 1024 3653 instituti
1048 3591 1146 3664 erant,
1170 3585 1303 3665 reliquis

404 3920 456 3970 h
477 3926 495 3972 t
515 3921 582 3972 Nor
600 3913 644 3972 18.
662 3938 684 3973 o.
703 3920 729 3976 6
747 3927 778 3976 fr.
798 3926 823 3978 9.
841 3926 874 3976 D.
893 3921 937 3986 37,
959 3921 1042 3992 3(ds
1063 3922 1132 3975 doda
1153 3924 1237 3990 coll..)

247 3919 507 4184 Ἅωιιὲῗῖιᾱξ
509 4008 564 4129 rapu
583 3996 729 4059 petentium
747 4003 837 4063 partes
855 3997 1006 4064 petentibus
1026 3994 1205 4061 adcrescunt).
1236 3999 1302 4051 Coti.

447 4079 480 4114 en
500 4080 522 4114 m

336 4130 452 4199 ,4(ds
469 4138 699 4189 senatusconsulto
719 4135 842 4205 Orphit..)
866 4139 898 4190 fr.
917 4137 942 4190 9.
961 4141 995 4189 D.
1013 4136 1057 4201 38,
1078 4135 1110 4190 16
1136 4136 1181 4204 (do
1203 4140 1303 4190 suiset

405 4275 475 4341 ,28,
493 4274 577 4342 1)((1ο
595 4278 688 4331 hored.
708 4275 825 4343 iustus)
827 4276 896 4330 ..13
916 4279 945 4331 G.
965 4280 990 4342 6,
1009 4278 1043 4332 24
1062 4276 1134 4344 (eod.
1155 4277 1214 4342 tit).

308 4311 828 4486 3¹2,2(do]aoq.velom1tthor..)
847 4365 924 4402 eun.
943 4349 1021 4412 §.19
1045 4349 1074 4402 C.
1087 4349 1112 4414 6,
1122 4347 1155 4401 51
1179 4348 1302 4416 (titelh).

271 4416 531 4555 8818
454 4487 558 4554 (m
539 4416 695 4556 troni?
678 4439 716 4488 pn
736 4423 770 4473 D.
789 4420 832 4484 29,
851 4418 932 4487 aloa
951 4421 1050 4490 acquir.
1071 4439 1097 4474 r.
1116 4438 1168 4473 om.
1189 4418 1302 4488 hored).
