2804 4966
142 293 196 349 850
456 301 655 340 rnsrrrnrronus
673 301 747 341 sunus
766 300 871 340 nonnus
890 299 1009 341 rnuvnm,

142 434 232 496 beris
249 431 436 497 exhibendis
460 438 492 494 et
513 431 688 509 ducendis,
704 439 737 495 et
759 432 798 494 de
821 448 921 493 uxore
943 429 1086 490 ducenda
1110 429 1198 514 (Dig-
1220 429 1274 506 43,
1290 427 1343 494 43.

144 532 222 597 Col.
234 532 264 597 8.
277 532 334 616 8.)‚
358 532 520 595 delibero
543 533 667 596 bomine
690 533 870 596 exhibendo
895 530 983 617 (Dig.
995 532 1047 607 43,
1060 531 1111 596 29.
1137 530 1218 595 Cod.·
1232 532 1263 607 8,
1284 532 1344 617 8.),

143 634 184 698 nd
203 650 273 714 quse
295 633 417 697 accedit
438 633 638 697 interdictum
660 633 842 696 demortuo
866 631 1032 694 inlcrcudo
1057 631 1145 716 (Dig.
1168 633 1218 709 11,
1244 633 1301 721 8.).

185 733 323 818 311236.
369 731 432 796 Res
456 733 602 813 publicus
623 738 768 813 spectant
790 733 958 796 interdicto
983 731 1022 794 de
1051 731 1130 795 locis
1154 732 1290 813 publicis
1313 738 1345 793 et

144 835 183 900 de
205 833 275 896 loco
298 830 429 912 publico
450 832 597 909 fruendo,
619 832 661 894 de
681 835 732 896 viu
755 833 878 912 publice
902 834 991 913 plum
1012 833 1051 895 de
1065 833 1244 896 lluminibus
1262 834 1346 915 pnb-

144 1040 261 1097 nuntur
294 1033 480 1097 interdicto:
514 1052 555 1095 ne
585 1034 658 1114 quid
691 1036 723 1095 in
749 1033 821 1097 loco
854 1053 945 1097 sacro
976 1033 1028 1097 vel
1050 1041 1164 1104 sancto,
1182 1035 1234 1098 liat
1257 1036 1345 1122 (big.

142 1135 195 1212 43,
217 1136 277 1220 6.),
302 1133 395 1197 etde
420 1125 590 1215 sepulchro
614 1135 796 1198 aedilicnndo
819 1135 907 1222 (big.
931 1124 982 1210 11,
1006 1126 1063 1222 7.).

644 1375 842 1390 -ιι--Α-ι--ι-

675 1575 742 1639 ull.
763 1575 806 1639 lt.

271 1760 274 1772 ’
310 1710 385 1837 ’ΒΕΙ
402 1771 449 1837 ΙΝ
468 1769 702 1838 INTEGRUM
719 1759 1122 1842 RESTITUTIONIBUS
1136 1778 1170 1859 l).
1241 1840 1248 1858 ,

145 1964 216 2017 mu,
226 1964 246 2015 1.
274 1959 468 2016 counuuu
486 1961 535 2011 nu
554 1961 590 2011 ru
601 1940 1130 2014 russonuunnsrmu‘rronmus
1142 1963 1350 2018 rumorum.

188 2097 219 2180 ξ.
235 2094 328 2160 1237.
372 2093 442 2156 Non
463 2110 536 2156 raro
556 2095 589 2155 in
609 2093 859 2157 institutionibus
878 2096 995 2157 nostris
1011 2096 1198 2158 mentionem
1217 2095 1351 2162 fecimus

145 2199 179 2260 in
201 2199 360 2282 integrum
382 2195 633 2257 restitutionum:
668 2195 728 2257 inm
754 2196 784 2257 in
809 2215 846 2259 eo
877 2202 943 2274 est,
976 2200 1011 2260 ut
1032 2196 1071 2260 de
1100 2198 1139 2259 iis
1163 2195 1351 2280 diligentius

150 2298 370 2379 dispiciemus:
394 2297 469 2360 licet
493 2299 573 2360 enim
596 2315 702 2378 neque
727 2297 822 2360 Gaius
849 2317 953 2380 noque
977 2299 1170 2362 Iustinianns
1192 2299 1232 2361 de
1253 2300 1300 2361 iis.
1317 2301 1352 2362 in

147 2396 402 2460 institutionibus
424 2397 490 2458 suis
513 2396 638 2459 titulum
661 2397 900 2476 collocaverint,
924 2400 1002 2460 iuris
1025 2399 1199 2461 studiosum
1226 2418 1280 2461 ens
1294 2401 1352 2483 ig-

148 2515 263 2560 nornre
284 2516 347 2560 non
371 2496 473 2573 decet,
496 2515 567 2559 cum·
586 2496 863 2578 frequentissimus
888 2499 996 2560 berum
1012 2501 1245 2561 restitutionum
1265 2501 1349 2580 apud

149 2600 304 2662 Romanos
329 2600 424 2660 luerit
447 2616 535 2662 usus.

189 2703 219 2782 ξ.
238 2698 328 2764 1238.
373 2696 429 2761 Est
451 2705 553 2761 nutem
576 2701 608 2761 in
632 2701 791 2782 integrum
814 2717 872 2763 seu
893 2701 1012 2782 integri
1035 2701 1194 2762 restitutio
1206 2699 1253 2783 2),
1287 2717 1350 2762 non

148 2799 251 2865 solum
272 2800 458 2887 (secundum
482 2799 625 2886 Paulum)
646 2794 901 2883 redintegrnndoe
916 2786 964 2862 rei
977 2799 1030 2862 uel
1046 2817 1149 2863 cuusae
1165 2801 1265 2874 ncti03
1291 2801 1349 2862 sed

148 2917 240 2963 omne
264 2900 426 2963 decretum
449 2900 607 2978 Praetoris,
631 2918 754 2981 expuo
776 2907 864 2964 extru
878 2901 1019 2965 ordinem
1034 2900 1098 2964 illis
1112 2902 1272 2977 subvenit,
1296 2903 1352 2981 qui

147 3001 378 3081 inceptionem
404 3002 540 3081 aliquam
561 3001 752 3078 inciderunt,
776 3001 1004 3063 relectionem
1028 3000 1131 3064 dendo
1153 3001 1205 3063 vel
1230 3018 1352 3081 excep-

148 3101 277 3177 tionem,
300 3101 466 3164 ueletiam
489 3118 547 3162 suc.
567 3093 667 3182 ipsius
689 3103 872 3183 cognitione
891 3118 957 3163 rem
971 3100 1127 3164 liniendo:
1149 3102 1351 3183 plerumque,

151 3206 186 3261 ut
208 3204 315 3262 resin
340 3201 477 3281 priorem
499 3206 613 3263 statum
634 3201 854 3287 reducaturl).
936 3229 939 3234 ·

193 3305 224 3384 §-
239 3300 331 3366 1239.
375 3301 431 3363 llst
448 3301 480 3362 in
499 3302 657 3384 integrum
675 3303 834 3364 restitutio
849 3299 1035 3363 beneficium
1049 3300 1207 3376 Pretoris,
1229 3302 1353 3363 ecuius

149 3405 281 3484 irnperio
303 3403 403 3485 magis
428 3419 518 3483 quam
540 3403 757 3467 iurisdictione
781 3420 816 3464 en
839 3404 995 3485 originem
1017 3402 1111 3463 traxit
1120 3401 1166 3486 ⁴):
1192 3401 1267 3462 inde
1285 3401 1352 3463 dil-

151 3503 214 3566 fert
235 3523 252 3565 u
275 3497 420 3584 pluribus
439 3506 639 3587 negotiorum
660 3491 918 3581 rescissionibus,
940 3522 1009 3586 quae
1030 3504 1100 3566 iure
1116 3503 1202 3565 civili
1217 3504 1352 3584 permit.-

188 3749 218 3816 1)
237 3752 298 3815 Dig.
317 3751 365 3802 lib.
383 3747 409 3802 4.
429 3769 452 3802 o.
471 3748 576 3803 2.-55.
612 3751 656 3802 Ex
675 3750 768 3803 ordine
787 3751 938 3804 studiorum
963 3767 980 3801 e
996 3751 1141 3817 Iustinieno
1162 3759 1294 3821 precepto
1313 3756 1354 3806 fe-

153 3823 204 3874 oile
224 3822 390 3887 intelligitur,
409 3823 501 3874 curin
520 3823 784 3892 eiusInstitntionum
799 3824 874 3876 libris
891 3824 918 3877 in
937 3824 1063 3892 integrum
1083 3825 1256 3877 restitutionis
1274 3827 1354 3878 euxi-

151 3895 218 3945 lium
238 3892 366 3945 omissum
383 3893 424 3946 sit.
460 3893 673 3960 Explioebantur
694 3895 767 3946 enim
782 3895 811 3944 in
828 3895 916 3961 prime
933 3902 1009 3960 purte
1026 3896 1200 3960 Digestorum,
1214 3897 1248 3948 (le
1266 3897 1295 3948 in
1314 3900 1354 3948 in-

152 3971 257 4031 tegrum
276 3965 486 4017 restitutionibus
506 3965 576 4015 tituli
598 3965 626 4016 in
643 3965 727 4032 primo
748 3966 896 4017 studiorum
913 3981 1000 4028 enno,
1024 3967 1113 4019 stetim
1133 3973 1195 4032 post
1212 3968 1356 4020 absolutor

155 4036 352 4091 Institutionum
372 4037 462 4092 libros.
502 4037 554 4088 Ofr.
575 4037 755 4089 oonsfitntlon.
772 4053 878 4088 omnem
898 4040 1056 4104 respublica
1074 4035 1098 4097 §-
1117 4035 1141 4088 2.

187 4103 295 4172 2)‡Dlg.
312 4104 339 4170 4,
357 4105 376 4159 4
397 4105 445 4173 (de
465 4107 493 4157 in
510 4108 604 4173 integr.
624 4104 727 4172 restit).
745 4107 774 4159 (l.
794 4107 820 4169 2,
839 4104 875 4158 20
893 4106 966 4170 (eod.
986 4106 1045 4174 tit).
1071 4109 1149 4159 Paul.
1167 4107 1191 4161 1.
1211 4106 1235 4161 7.
1255 4127 1279 4162 o.
1302 4112 1353 4162 su

152 4182 242 4246 oigny,
262 4180 367 4245 system
384 4183 403 4228 t.
422 4178 479 4229 Vll.
499 4177 537 4237 ἐξ.
561 4175 721 4233 orn-343.
740 4197 764 4232 o.
786 4178 885 4231 Keller
903 4180 931 4230 in
949 4195 991 4246 op.
1009 4181 1028 4232 l.
1046 4177 1086 4239 ἓξ.
1097 4177 1139 4235 79.
1158 4177 1202 4232 80.
1231 4199 1256 4232 v.
1281 4181 1353 4234 Van-

52 4241 59 4255 ⁰
151 4265 241 4316 peroro
260 4251 280 4301 1.
301 4248 339 4309 ἐξ.
365 4246 524 4303 175.-Ῐ93.
563 4247 666 4317 Moyns
686 4251 707 4301 Ι.
729 4247 768 4309 ἐξ.
788 4247 948 4303 los-160.

190 4319 218 4386 3)
237 4321 315 4372 Paul.
334 4321 352 4371 1.
371 4339 395 4376 o.
421 4320 444 4383 ἓ.
463 4320 488 4375 1.
513 4325 539 4372 et
567 4321 753 4389 interpretatio
768 4321 979 4387 wisigothorum
1005 4322 1042 4373 nd
1064 4323 1129 4375 lut
1153 4323 1181 4376 ln
1199 4322 1262 4376 edit
1283 4324 1357 4377 Bou-

154 4392 240 4444 nenti.
259 4397 357 4458 recept.
376 4397 441 4450 rent.
460 4392 542 4445 saun
554 4408 580 4459 p.
600 4389 642 4444 13.
658 4396 690 4445 fr.
710 4388 752 4445 94.
771 4390 795 4452 ἓ.
813 4388 839 4444 5.
860 4395 895 4449 D.
913 4388 981 4457 424
996 4389 1048 4460 (do
1063 4389 1154 4458 τῶι).

188 4458 218 4528 4)
238 4463 301 4530 Arg.
318 4463 350 4516 fr.
370 4462 413 4518 26.
433 4464 468 4514 D.
485 4459 530 4528 50,
551 4459 567 4514 1
586 4459 635 4528 (ed
653 4459 804 4534 municip),
1217 4475 1220 4478 ’
