2798 4972
160 313 213 367 162
485 315 686 357 murmuriosus
706 316 780 356 wass
798 315 903 359 11111111
921 288 1041 352 sarvam.

158 455 233 513 sunt
245 451 280 530 ¹).
325 446 437 510 Modus
461 446 551 508 etiam
575 446 685 509 beredi
710 451 816 526 potest
836 445 953 526 imponi
976 442 1028 505 vel
1045 458 1139 504 causa
1155 442 1362 505 institutionis

159 538 304 626 indicari,
328 565 397 629 quae
420 549 541 609 etiamsi
564 546 642 608 lalsa
666 549 718 624 sit,
744 546 932 608 institutioni
956 563 974 606 e
996 544 1110 626 regula
1131 561 1195 606 non
1219 550 1316 607 nocet
1327 543 1363 630 ²).

202 652 319 735 §.567
362 650 400 712 Et
420 667 516 711 unum
540 648 591 710 vel
616 646 724 729 plures
749 664 852 727 usque
875 647 914 709 ad
930 645 1093 721 inlinitum,
1118 651 1195 725 quot
1215 646 1290 724 quis
1304 663 1363 706 ve-

159 755 206 831 lit,
229 750 365 815 heredes
391 750 496 814 iacere
520 749 604 812 licet.
650 748 718 822 Quo
741 748 834 824 iacto,
858 749 885 809 si
908 764 1016 810 omnes
1037 747 1230 827 perveniunt
1251 745 1290 807 ad
1307 746 1364 809 be-

158 853 335 927 reditatem,
358 851 438 912 bona
461 853 544 912 inter
562 867 617 913 eos
632 849 828 912 dividuntur.
874 847 1040 910 Hereditas
1056 849 1247 927 plerumque
1263 847 1364 910 divisa

157 953 395 1036 intelligebatur
419 952 501 1033 apud
525 958 651 1015 veteres
676 953 709 1012 in
731 951 896 1014 duodecim
920 952 1041 1026 uncias,
1065 967 1135 1030 quae
1151 950 1235 1013 assis
1250 946 1363 1030 appel-

158 1056 279 1118 latione
302 1055 514 1117 continentur.
559 1053 704 1115 Pluribus
727 1053 826 1135 lgitur
848 1052 1020 1115 heredibus
1044 1051 1155 1128 factis,
1188 1049 1313 1131 singuli
1335 1049 1364 1110 in

160 1162 206 1218 tot
229 1157 325 1218 totius
349 1155 533 1217 hereditatis
556 1161 661 1236 partes
687 1154 820 1216 instituti
845 1153 1053 1229 videbantur,
1090 1155 1167 1232 quot
1195 1152 1235 1212 iis
1266 1151 1364 1212 uncia

161 1257 334 1339 designatae
355 1261 445 1317 erant
452 1274 462 1330 3
497 1260 528 1319 et
552 1275 593 1318 ex
615 1272 686 1317 asse
709 1254 803 1317 heres
818 1255 915 1317 ,solus
946 1254 1108 1316 institutus
1140 1251 1318 1314 habebatur
1328 1249 1362 1336 ³).

160 1359 193 1423 Si
214 1356 324 1438 plures
347 1356 467 1436 absque
485 1356 643 1418 divisione
664 1355 742 1418 facta
760 1356 851 1418 simul
868 1355 1086 1430 instituuntur,
1110 1356 1209 1433 aequis
1225 1351 1363 1433 partibus

158 1457 295 1521 heredes
319 1461 402 1517 sunt.
446 1456 568 1519 ldcirco
592 1458 633 1519 ita
660 1456 785 1519 demum
812 1457 945 1537 partium
969 1455 1149 1518 distributio
1180 1453 1360 1518 necessaria

161 1564 220 1634 est,
244 1559 271 1620 si
294 1557 373 1620 nolit
394 1562 526 1620 testator
549 1575 602 1633 eas
627 1576 667 1619 ex
689 1560 788 1638 aequis
811 1557 952 1641 partibus
976 1557 1114 1628 heredes
1138 1573 1212 1621 esse
1225 1556 1264 1645 ⁴).

199 1662 229 1741 ξ.
243 1658 316 1725 568.
363 1660 395 1722 si
420 1664 552 1722 testator
573 1661 605 1721 in
626 1660 802 1723 hereditate
825 1659 1043 1722 distribuenda
1067 1660 1232 1721 unciarum
1252 1676 1360 1722 nume-

156 1779 225 1824 rum
247 1775 399 1843 egressus
424 1767 483 1836 est,
507 1766 551 1824 tot
564 1761 676 1839 unciis,
702 1767 778 1841 quot
803 1762 991 1843 assignavit,
1012 1759 1174 1823 hereditas
1188 1762 1359 1825 consistere

112 1869 120 1886 ⁸
157 1861 355 1946 censetur⁶).
386 1861 417 1924 Si
440 1880 518 1925 vero
541 1881 578 1924 ea
602 1863 752 1925 exhausta
774 1864 903 1944 insuper
924 1862 1073 1925 heredem
1087 1863 1308 1939 nominaverit,
1329 1867 1358 1924 ut

161 1966 214 2026 hic
237 1961 355 2041 aliquid
379 1969 577 2043 assequatur,
601 1956 779 2044 dupondius
804 1964 857 2027 vel
871 1964 1048 2046 tripondius
1067 1964 1111 2041 lit,
1136 1964 1166 2025 h.
1182 1983 1211 2027 e.
1234 1962 1296 2026 duo
1311 1961 1355 2025 vel

159 2069 225 2127 tres
249 2079 337 2127 asses
361 2069 578 2143 computantur
601 2070 632 2127 et
652 2065 884 2127 distribuuntur
897 2065 938 2152 ⁶).
982 2064 1048 2138 Qua
1071 2064 1110 2127 de
1135 2064 1295 2127 divisione
1316 2065 1355 2125 si-

162 2167 227 2228 cuti
250 2164 290 2226 de
320 2163 409 2240 aliis,
442 2181 512 2244 quae
533 2165 595 2227 buc
616 2168 775 2247 pertinent
798 2168 1005 2250 argumentis,
1030 2166 1166 2228 diversae
1187 2165 1311 2248 regula
1330 2165 1354 2227 in

160 2265 413 2327 Institutionibus
434 2284 470 2326 ac
486 2264 626 2349 Digestis
643 2273 717 2329 sunt
731 2269 912 2350 proposita,
935 2285 1005 2349 quae
1019 2266 1213 2329 commodius
1230 2284 1270 2329 ex
1285 2265 1351 2346 ipsis

159 2365 249 2427 libris
271 2364 479 2427 addiscuntur
492 2365 531 2454 ⁷).

198 2470 228 2548 ξ.
242 2465 314 2532 569,
359 2465 510 2529 Militibus
531 2471 613 2528 circa
638 2468 765 2555 heredis
779 2469 1005 2532 institutionem
1022 2470 1089 2530 haec
1103 2467 1276 2551 privilegia
1290 2470 1351 2530 sunt

156 2583 319 2642 concessa,
344 2572 378 2626 ut
401 2574 432 2628 et
454 2585 509 2630 eos
532 2567 667 2631 heredes
683 2570 856 2632 instituere
880 2570 1019 2649 possint,
1037 2587 1107 2632 cum
1133 2571 1250 2650 quibus
1276 2565 1349 2630 nulla

153 2673 201 2728 est
223 2667 515 2732 testamentilactio:
552 2675 586 2730 ut
614 2688 672 2751 pro
708 2675 797 2751 parte
831 2671 935 2733 testati
958 2677 989 2734 et
1018 2689 1075 2752 pro
1105 2676 1195 2752 parte
1224 2666 1348 2732 intestati

155 2767 312 2829 decedere
335 2770 474 2850 possint:
498 2772 570 2832 item
594 2771 683 2852 plura
706 2775 891 2833 testamenta
912 2770 1005 2833 simul
1020 2770 1137 2833 babere
1154 2777 1186 2834 et
1205 2771 1348 2839 codicillis

153 2868 359 2932 hereditatem
384 2868 567 2950 relinquere
590 2872 629 2932 iis
653 2870 800 2959 liceat8).

444 3061 512 3113 mu.
533 3062 566 3113 v.
603 3063 651 3113 ns
672 3059 1062 3128 suasrrrurroumusp.

197 3193 314 3275 §.buo
357 3193 492 3256 Possunt
522 3194 657 3257 heredes
690 3197 722 3256 in
755 3202 941 3258 testamento
971 3213 1033 3258 non
1065 3195 1166 3257 solum
1193 3214 1234 3258 ex
1262 3196 1348 3277 prino

157 3292 259 3375 gradu
280 3294 396 3371 scribi,
425 3295 482 3359 sed
507 3297 659 3366 etiamen
683 3296 824 3361 secundo
848 3303 879 3360 et
902 3297 995 3363 tertio
1019 3302 1050 3358 et
1071 3296 1223 3377 deinceps
1236 3296 1295 3382 ¹⁰);
1323 3295 1350 3354 ut

155 3394 183 3455 si
204 3395 367 3457 institutus
389 3395 483 3458 heres
507 3415 569 3460 non
593 3399 643 3475 sit,
667 3415 805 3479 sequens
821 3398 916 3460 beres
935 3398 996 3474 liat,
1022 3399 1075 3479 qui
1091 3397 1283 3461 substitutus
1298 3412 1349 3456 ro-

155 3501 255 3557 eatur.
300 3496 487 3560 substitutio
508 3504 611 3561 autem
633 3505 682 3561 est
707 3498 852 3581 vulgaris
877 3499 928 3562 vel
949 3497 1125 3580 pupillaris.

198 3600 228 3679 ἓ,
242 3598 315 3664 571.
337 3655 340 3663 ,
365 3597 536 3678 Volgariter
557 3601 599 3661 ita
612 3601 851 3662 substituimus:
876 3606 910 3661 ut
931 3601 964 3661 in
987 3617 1057 3662 eum
1078 3616 1197 3677 casum,
1222 3599 1275 3661 ubi
1290 3599 1350 3660 ins-

157 3698 270 3759 titutus
304 3699 398 3761 heres
431 3699 555 3763 iuturus
579 3720 641 3767 non
667 3703 722 3779 sit,
752 3701 847 3763 alium
870 3700 1018 3765 heredem
1042 3701 1218 3765 scribamus
1240 3699 1350 3763 veluti:

613 3944 681 3997 31
700 3947 721 3996 I.
741 3945 767 4008 2,
784 3943 820 3999 29
839 3933 886 4010 (de
904 3942 1023 4013 legatis).
1112 3940 1141 4009 3)
1162 3942 1185 4005 1.
1203 3939 1231 3997 4,
1251 3942 1274 3996 1.
1291 3940 1316 3995 h.
1335 3943 1349 3988 l·

632 4017 734 4068 Iinf.
754 4016 816 4068 eod

564 4054 628 4141 17,
646 4055 689 4140 18.
707 4090 741 4139 D.
761 4090 789 4141 11.
806 4092 824 4138 1.

420 4121 538 4276 .1Β1.34.
557 4151 1293 4222 11111111.1100111111.1111011.ῙῙΙ.ρ.257-*259

450 4227 579 4291 ,,291
610 4227 867 4297 (daemomibus)
896 4227 1013 4281 050
1039 4223 1348 4293 n6.17.n.18.pr.

146 4302 177 4352 fr.
200 4299 243 4352 19
261 4267 466 4368 1.·.ρ1.1)
485 4300 546 4350 eod.

147 4368 262 4494 6122·
263 4390 348 4504 ΞΠ
276 4373 353 4436 12,1
340 4371 383 4425 5.
393 4370 463 4494 16,4
454 4370 488 4420 D.
508 4367 552 4434 28,
570 4368 654 4438 6(de
672 4371 776 4439 vulgari
794 4376 821 4423 et
837 4371 966 4439 pupillam
975 4367 1101 4437 substat)
1111 4365 1228 4433 codd,
1238 4334 1349 4425 25-26

173 4439 417 4495 a1174—1

164 4507 210 4574 10)
232 4514 274 4564 Pr.
295 4510 317 4564 I.
335 4513 361 4578 2,
378 4509 462 4581 6(da
482 4514 585 4582 vulgari
603 4511 728 4577 substit).
748 4515 780 4566 11.
800 4511 824 4566 1.
843 4530 882 4582 pr.
903 4515 937 4565 D.
957 4514 984 4566 h.
1002 4519 1021 4566 1.
