2804 4966
526 848 641 906 rm
663 848 855 909 nm.
940 930 945 941 ¹

146 1021 324 1113 QUIBUS
352 1023 612 1101 Exclusis
638 1026 728 1101 PER
756 1024 1142 1105 obivuusiuaubu
1164 1027 1224 1101 ΕΤ

173 1144 352 1222 ΜΟΒΤΙΒ
381 1144 537 1225 CAUSA
563 1148 653 1225 RES
682 1148 819 1225 NOBIS
848 1148 1199 1243 AOQUIRUNTUR.

562 1356 810 1368 ——n——nn—-n

634 1544 700 1610 oli.
719 1549 741 1610 l.

305 1725 543 1797 OOMMUNIA
564 1728 752 1798 bulonii
773 1728 1075 1798 SUOOEDENDI.

99 1906 212 1961 Tm
248 1904 299 1957 Du
316 1902 628 1967 successionibus
647 1904 951 1968 Huuubtuaufflbs,
970 1904 1179 1959 Huuuomus
1200 1906 1269 1961 buc

277 1991 352 2044 NON
368 1991 417 2042 DE
435 1991 653 2045 Luoauuufls
673 1994 720 2045 ΕΤ
740 1991 1103 2045 FIDEIOOMMISSARHS.

127 2150 248 2235 §.dib
293 2148 328 2213 ln
349 2149 601 2231 precedentibus
622 2150 721 2212 titulis
744 2149 878 2212 diximus
904 2150 944 2213 de
966 2149 1162 2233 singularum
1185 2166 1290 2212 rerum

83 2250 363 2333 acquisitionibus,
387 2267 456 2331 quae
478 2251 562 2312 inter
584 2250 676 2311 vivos
698 2248 793 2310 liunt:
816 2252 876 2312 iam
897 2253 929 2312 in
951 2267 989 2312 co
1014 2255 1080 2326 est,
1102 2255 1136 2310 ut
1158 2249 1290 2330 dispici-

84 2368 196 2429 amus,
222 2349 459 2432 quibusmodis
482 2367 540 2431 per
562 2351 801 2412 uniuersitatem
824 2354 856 2412 et
876 2351 985 2412 mortis
1008 2366 1101 2412 causa
1123 2367 1175 2413 res
1198 2350 1289 2413 nobis

85 2452 296 2533 acquirantur
312 2450 352 2536 ¹).
395 2448 454 2512 Per
477 2450 715 2512 universitatem
736 2451 946 2530 acquirimus,
968 2452 996 2512 si
1020 2468 1083 2512 non
1107 2450 1290 2533 singulares

82 2567 140 2615 res
162 2549 202 2613 ad
223 2567 281 2613 nos
305 2555 487 2626 transeunt,
518 2549 575 2612 sed
605 2554 702 2612 totum
729 2550 858 2613 alterius
880 2551 1098 2631 patrimonium
1120 2551 1141 2610 i.
1163 2568 1191 2611 e.
1212 2530 1290 2611 iu'ris

81 2651 298 2714 universitas:
320 2666 383 2730 quo
404 2650 488 2712 facto
508 2651 540 2711 iu
561 2651 610 2712 ius
637 2651 707 2712 eius
728 2649 902 2712 succedere
921 2666 979 2711 seu
992 2648 1070 2711 iuris
1084 2664 1287 2712 successores

83 2754 157 2817 eius
180 2751 250 2814 ficri
271 2750 454 2834 dicimur').

129 2851 167 2914 lu
186 2853 265 2914 iuris
286 2867 491 2914 successores
514 2857 701 2914 autemnon
724 2855 840 2913 tantum
867 2866 972 2912 rerum
1000 2849 1196 2933 singularum
1227 2851 1288 2915 do-

84 2952 218 3015 minium
242 2949 441 3027 transfertur,
466 2966 577 3012 vorum
600 2956 632 3014 et
654 2969 703 3027 ea,
727 2967 796 3030 quae
817 2952 848 3012 in
872 2949 1048 3012 nominibus
1072 2955 1155 3028 sunt,
1178 2952 1231 3027 ita,
1255 2958 1289 3013 ut

81 3061 146 3117 tum
168 3053 228 3129 iis,
251 3069 343 3133 quam
366 3052 397 3113 in
428 3068 484 3114 eos
510 3070 550 3114 cx
572 3051 817 3136 obligationibus
840 3051 954 3113 dentur
975 3051 1115 3115 actiones
1127 3052 1167 3140 ⁸).
1212 3051 1288 3116 lude

81 3154 167 3216 iuris
199 3168 403 3217 successores
436 3151 539 3215 locum
572 3154 624 3216 vel
655 3170 822 3234 personam
851 3155 941 3229 eius,
976 3153 1027 3214 cui
1053 3158 1287 3230 successerunt,

82 3255 250 3319 sustinere
270 3253 428 3317 dicuntur.

126 3354 245 3438 §.tio
289 3355 499 3419 Successores
531 3359 634 3417 autem
670 3356 743 3419 olim
776 3355 903 3437 plurimi
937 3360 1026 3418 erant
1056 3354 1296 3431 defunctorum,

79 3454 184 3536 aliqui
205 3459 308 3519 murco
321 3461 353 3519 et
372 3456 555 3519 viventium.
578 3455 741 3519 Defunctis
762 3459 833 3520 iure
853 3459 955 3520 veteri
981 3473 1108 3519 romano
1128 3453 1286 3518 succede-

80 3558 164 3620 bant
180 3555 335 3633 hcredes,
357 3548 510 3620 bonorum
532 3542 755 3638 possessores,
785 3556 1082 3632 fideicommissarii,
1111 3553 1225 3635 quibus
1247 3572 1287 3616 ox

80 3656 363 3722 senatusconsulto
384 3657 583 3721 Trebelliano
606 3659 751 3720 restituta
774 3658 933 3721 hereditas
947 3664 1006 3734 est,
1031 3672 1199 3721 successor
1212 3655 1286 3717 lilii-

79 3757 216 3821 l'amilias
245 3757 369 3837 militis,
399 3760 511 3836 fiscus,
542 3760 594 3825 cui
622 3758 704 3824 bona
729 3761 872 3824 vacantia
896 3765 950 3822 aut
971 3759 1131 3825 hereditas
1152 3757 1282 3840 indigno

106 4032 147 4101 ,1)
171 4033 257 4087 Simili
279 4033 382 4085 rationo
406 4033 527 4101 procedit
547 4031 606 4085 Gai.
623 4031 648 4084 2.
671 4032 694 4092 ἓ.
710 4030 823 4087 97-99.
861 4034 929 4085 Eum
948 4034 1067 4101 sequitur
1083 4032 1244 4084 Iustinianus
1257 4031 1286 4085 in

78 4105 103 4167 5.
122 4106 151 4159 6.
170 4107 193 4158 1.
211 4103 238 4168 i,
256 4105 273 4159 9
295 4103 353 4172 (par
370 4119 438 4173 quaa
457 4120 526 4171 pers.
543 4104 606 4156 nob.
623 4101 743 4172 acquin).

113 4177 132 4231 2
166 4177 211 4230 ur.
232 4173 276 4228 24.
293 4176 316 4236 §-
335 4176 360 4228 1.
378 4179 413 4228 D.
430 4173 576 4239 baama
596 4176 695 4228 damno
715 4173 834 4236 iuiootol.
853 4177 884 4227 fr.
904 4170 947 4226 24.
966 4176 999 4226 D.
1017 4169 1061 4237 50,
1082 4172 1115 4224 16
1135 4171 1282 4238 (deus.

74 4253 109 4303 fr.
126 4244 174 4302 62.
192 4247 226 4299 D.
244 4243 288 4310 bo,
306 4243 341 4300 17
364 4242 413 4312 (da
429 4262 484 4315 rog·
502 4244 571 4312 lun).
598 4249 629 4298 ir.
650 4244 692 4299 37.
713 4249 745 4298 D.
767 4245 844 4309 aba
868 4244 916 4307 (dc
935 4245 981 4295 ad.
999 4246 1043 4297 rel
1062 4244 1146 4297 omitt.
1167 4245 1259 4298 harod.
1279 4281 1285 4294 .

76 4319 156 4457 st-33.
175 4317 198 4378 5.
217 4316 242 4370 1.
260 4315 339 4441 Ι).327,
356 4315 441 4439 4ἰ(ἀο
460 4315 587 4384 edendo).
606 4320 636 4371 fr.
657 4314 716 4370 1ii.
734 4336 773 4386 pr.
792 4320 825 4369 D.
844 4314 888 4381 50,
908 4312 943 4369 17
962 4314 1013 4382 (tit.
1032 4312 1098 4380 cib).

165 4392 229 4458 Arg.
249 4390 281 4442 ir.
336 4395 404 4441 .ct
