2798 4972
526 304 609 342 mum
628 305 669 343 ιιι.
688 305 749 343 aar.
769 305 807 343 ιι.
910 306 913 310 ⁴
1210 294 1263 348 255

96 437 275 517 Operamm
299 436 475 498 liberalium
498 454 624 516 quoque
646 437 761 498 locatio
782 454 843 498 non
867 441 926 512 est,
950 437 1051 498 veluti
1076 453 1263 516 quaepraes-

52 547 169 602 tantur
179 540 218 600 ab
231 539 403 616 advocatis,
416 539 546 600 medicis
560 530 778 600 et'liberalium
791 536 965 599 studiorum
978 537 1212 617 professoribus
1224 537 1261 623 1).

98 645 133 722 ς.
148 639 221 705 892.
266 639 379 720 Operis
402 639 569 700 conductio
591 644 656 713 est,
689 640 714 700 si
741 642 811 717 quis
834 656 913 718 opus
936 636 1063 716 aliquod
1093 655 1152 717 pro
1179 643 1264 699 certa

52 740 208 802 mercede
228 738 454 819 perficiendum
477 740 622 818 suscipit,
645 757 746 818 eaque
768 739 807 800 ab
829 756 994 820 operarum
1017 737 1175 798 locatione
1197 737 1263 799 dil-

56 841 135 915 lert,
157 841 241 920 quod
262 859 323 903 non
347 839 544 922 singularum
568 858 733 920 operarum
745 839 990 920 praestandarum
1013 840 1093 900 ratio
1114 838 1262 915 habetur,

56 942 117 1003 sed
141 943 237 1004 totius
260 942 307 1003 rei
331 942 539 1003 executionis.
584 940 698 1020 Operis
720 939 888 1001 conductio
910 938 1080 1018 aliquando
1104 938 1141 999 ab
1173 957 1264 1019 emp-

56 1045 149 1104 tione
174 1041 334 1104 dilfiailius
357 1042 581 1123 distinguitur:
605 1043 661 1104 sed
689 1044 782 1105 toties
801 1041 967 1104 conductio
986 1040 1121 1103 alicuius
1140 1044 1187 1103 roi
1205 1047 1263 1118 est,

58 1146 187 1224 quoties
202 1145 344 1219 materia,
370 1145 401 1205 in
418 1161 477 1222 qua
492 1142 610 1222 aliquid
626 1149 806 1224 praestatur,
834 1142 982 1206 locatoris
999 1151 1047 1207 est
1060 1152 1091 1207 et
1107 1147 1138 1207 in
1153 1145 1263 1207 eodem

60 1251 148 1307 statu
171 1243 313 1306 eiusdem
328 1250 468 1305 maneat:
494 1261 563 1306 cum
578 1247 703 1323 quoties
721 1246 899 1306 immutatur
915 1253 946 1307 et
958 1247 1124 1324 alienatur,
1148 1249 1262 1327 emptio

56 1347 161 1428 magis
184 1363 276 1425 quarn
297 1344 411 1407 locatio
434 1343 572 1427 intelligi
594 1345 707 1407 debeat
730 1345 848 1422 veluti,
874 1349 901 1407 si
930 1366 992 1430 ego
1012 1366 1122 1410 aurum
1143 1349 1263 1410 aurilici

59 1447 215 1523 dederim,
235 1453 270 1507 ut
292 1447 366 1508 mibi
392 1446 524 1509 annulos
548 1446 676 1523 laceret,
702 1448 815 1509 locatio
841 1453 873 1509 et
894 1450 1063 1511 conductio
1085 1456 1149 1527 est,
1173 1452 1200 1512 si
1225 1469 1265 1512 ex

58 1564 119 1610 sao
142 1564 230 1623 auro,
250 1548 365 1626 emptio
388 1553 419 1608 et
440 1547 580 1608 venditio
592 1546 632 1633 ²).

102 1650 134 1728 ξ.
151 1647 224 1711 893.
268 1645 384 1708 Mutuae
407 1665 447 1708 ex
475 1647 535 1708 hoc
566 1651 729 1708 contractu
760 1647 968 1729 obligationes
999 1649 1046 1709 bae
1078 1657 1171 1711 sant:
1206 1652 1261 1731 qui

56 1766 126 1809 rem
150 1747 278 1823 locavit,
304 1747 478 1810 naturalem
502 1750 569 1810 eius
592 1748 827 1828 possessionem
848 1748 879 1808 in
905 1749 1132 1810 conductorem
1157 1754 1264 1811 trans-

59 1849 159 1925 lerre,
183 1849 330 1930 illamque
353 1856 419 1911 toto
441 1855 620 1912 contractus
643 1855 783 1929 ternpore
804 1867 902 1929 penes
925 1867 995 1910 eum
1018 1866 1089 1910 esse
1112 1851 1174 1929 pati
1198 1849 1259 1910 de-

56 1949 131 2024 bet;
153 1969 221 2011 rem
241 1968 320 2013 vero
341 1949 435 2012 talem
456 1957 617 2030 praestare,
641 1968 701 2029 qua
719 1950 891 2012 conductor
906 1967 1031 2031 semper
1045 1951 1090 2011 uti
1109 1951 1209 2029 possit
1219 1949 1258 2034 ⁸).

59 2051 93 2114 Si
117 2068 194 2112 casu
217 2052 347 2112 fortuito
372 2069 456 2127 rem,
479 2050 582 2130 qualis
605 2053 759 2130 promissa
786 2057 851 2127 est,
876 2050 950 2112 dare
975 2068 1036 2111 non
1061 2053 1183 2130 potest,
1206 2067 1263 2110 re-

60 2151 200 2213 solvitur
220 2157 410 2228 contractus,
434 2157 487 2214 aut
507 2153 669 2232 pensionis
692 2154 837 2213 remissio
860 2151 1001 2212 iacienda
1028 2156 1094 2225 est,
1120 2148 1204 2229 quod
1229 2150 1260 2210 et

61 2252 168 2314 locum
188 2252 293 2328 habet,
315 2254 343 2314 si
365 2252 496 2314 colonus
519 2257 648 2333 propter
663 2253 726 2313 vim
742 2254 889 2314 maiorem
904 2269 958 2313 eos
975 2252 1097 2312 fructus
1112 2248 1263 2310 extundo

60 2352 202 2414 lucratus
222 2370 287 2413 non
310 2357 369 2428 est,
394 2369 474 2433 quos
497 2353 614 2414 lucrari
638 2352 841 2437 debuerat).
885 2352 1044 2431 Quidquid
1068 2368 1146 2411 vero
1172 2348 1262 2410 loca-

58 2455 138 2514 taris
163 2452 255 2532 culpa
282 2451 336 2514 vel
363 2452 561 2535 negligentia
587 2453 940 2516 leviori‘detrimentum
964 2467 1076 2532 passus
1098 2455 1147 2511 est
1175 2466 1256 2510 con-

59 2552 186 2629 ductor,
207 2552 239 2614 id
262 2557 312 2614 est
331 2552 567 2614 resarciendum
580 2553 619 2638 ⁵).
666 2553 734 2613 Non
757 2551 851 2613 debet
873 2551 993 2613 locator
1012 2568 1095 2626 rern,
1128 2549 1261 2610 durante

59 2653 229 2716 locationis
252 2659 413 2733 tempore,
435 2654 495 2714 nisi
520 2671 560 2715 ex
582 2653 782 2734 gravioribus
805 2655 909 2714 causis
931 2653 1025 2732 paulo
1049 2651 1182 2713 interius
1205 2670 1260 2712 re-

58 2753 213 2828 ferendis,
235 2752 380 2827 auferre3
403 2753 459 2815 sed
484 2771 592 2815 ornnes
614 2755 644 2814 in
669 2771 735 2815 eam
758 2755 955 2814 necessarias
978 2755 1138 2833 impensas
1153 2750 1259 2813 lacere

59 2860 93 2916 et
112 2853 231 2915 tributa
255 2871 273 2914 a
298 2872 333 2915 re
356 2855 530 2935 prestanda
553 2871 740 2936 agnoscere,
763 2861 817 2916 aut
838 2854 880 2930 id,
904 2853 987 2935 quod
1010 2854 1071 2915 hoc
1092 2853 1257 2914 nominea

55 2952 255 3016 conductore
276 2952 450 3033 depensum
472 2959 530 3030 est,
556 2957 584 3016 ei
607 2953 830 3041 restitueret).
1071 2959 1084 2969 “

101 3057 132 3134 ξ.
150 3052 222 3117 894.
267 3050 377 3132 Operae
404 3054 567 3134 promissae
602 3057 684 3116 omni
714 3054 850 3116 adbibita
880 3055 1045 3135 diligentia
1075 3052 1260 3133 praestandae

58 3158 152 3230 sunt,
184 3152 359 3232 eodemque
382 3152 474 3214 modo
498 3159 630 3233 etopus
653 3159 835 3233 susceptum
857 3153 964 3233 perfici
990 3153 1143 3239 debet⁷);
1177 3152 1259 3232 quod

59 3254 92 3313 in
116 3257 251 3333 utroque
276 3270 351 3314 casu
371 3253 536 3334 paralium
553 3271 680 3335 quoque
698 3254 802 3317 lacere
824 3256 916 3327 licet3
937 3252 1104 3316 dummodo
1126 3254 1262 3332 propriae

58 3371 206 3434 personae
231 3352 392 3434 qualitatis
416 3372 511 3416 causa
535 3360 729 3419 contractum
751 3373 813 3416 non
837 3355 925 3439 sit8).
961 3355 993 3416 Si
1018 3371 1183 3434 operarum
1207 3353 1259 3413 lo-

59 3458 151 3515 cator
171 3455 319 3534 operisve
342 3455 515 3517 conductor
538 3457 570 3516 in
599 3456 793 3538 obligatione
818 3453 1019 3533 exsequenda
1042 3451 1172 3513 fortuita
1195 3449 1259 3511 ali-

59 3568 125 3632 quo
140 3570 219 3616 casu
239 3555 272 3617 in
295 3555 439 3618 damnum
460 3555 580 3632 incidit,
603 3557 663 3618 hoo
683 3558 751 3635 ipse
773 3554 860 3617 serre
886 3553 990 3615 debet.
1034 3552 1067 3614 Si
1089 3553 1120 3613 vi
1146 3551 1255 3612 maiori

96 3815 124 3884 1)
144 3818 188 3870 Fr.
210 3819 234 3871 l.
252 3822 286 3872 D.
309 3818 353 3884 50,
374 3819 408 3872 14
428 3818 477 3885 (dc
495 3821 631 3872 extraord.
651 3817 769 3886 cognit.).

94 3888 124 3955 2)
143 3888 167 3949 ὃ.
184 3888 211 3942 4.
229 3891 251 4029 ξ.
269 3893 296 3943 h.
314 3897 333 3944 t.
351 3895 381 3944 fr.
403 3891 427 3944 2.
447 3891 470 3952 §-
482 3891 506 3943 1.
524 3895 556 3944 ιἰ.
576 3891 619 3944 22.
640 3891 664 3952 b.
683 3891 707 3943 2.
726 3891 822 3942 D.h.t.
842 3888 979 3943 nabao.
998 3894 1030 3945 D.
1041 3889 1085 3955 18,
1105 3891 1120 3944 1
1141 3888 1261 3957 (deson-

60 3962 129 4014 trah.
149 3977 192 4012 am
211 3968 250 4013 t..
876 3972 886 3979 ·
1278 3980 1282 3986 ·

95 4030 125 4098 3)
142 3981 231 4087 Pupi).
251 4051 291 4100 pr.
311 4033 333 4092 ἓ.
354 4032 378 4085 1.
396 4036 427 4085 fr.
450 4032 491 4085 19.
510 4031 534 4092 5.
555 4031 579 4084 6.
598 4034 629 4082 fr.
648 4031 691 4086 30.
712 4051 750 4100 pr.
769 4032 792 4093 ἓ.
804 4031 828 4085 1.
847 4032 872 4085 2.
891 4036 922 4085 fr.
935 4032 977 4086 56.
997 4036 1088 4085 D.h.t.
1099 4031 1155 4085 c.3.
1170 4033 1198 4083 O.
1207 4034 1233 4082 h.
1242 4037 1259 4082 t.

94 4102 125 4168 4)
144 4105 187 4155 Fr.
209 4102 251 4158 15.
272 4104 295 4164 ἓ.
314 4104 339 4157 2.
359 4104 383 4157 3.
400 4103 427 4156 4.
446 4108 478 4157 ιἰ.
496 4103 538 4156 30.
556 4107 580 4167 ἓ.
601 4101 626 4153 1.
646 4107 680 4156 D.
699 4107 761 4157 cod.

95 4172 125 4240 5)
145 4176 190 4226 Fr.
209 4175 254 4228 25.
273 4175 297 4236 ᾖ.
316 4173 404 4228 3-5.
422 4178 456 4227 D.
477 4177 502 4227 h.
525 4182 543 4226 t.
562 4192 584 4226 c.
604 4174 629 4226 1.
649 4177 678 4228 O.
698 4177 760 4227 aod.

96 4243 125 4311 6)
147 4245 190 4299 Fr.
212 4245 255 4299 55.
275 4245 298 4306 ἕ.
318 4246 342 4298 1.
360 4249 394 4298 D.
416 4247 478 4298 eod.
497 4248 528 4298 fr.
548 4244 573 4298 3.
593 4245 667 4305 §.lit
687 4245 730 4300 14.
748 4249 781 4298 Ι).
803 4243 846 4310 50,
864 4245 882 4298 4
901 4243 948 4313 (dc
968 4242 1144 4309 muneribus).
1166 4245 1197 4293 fr.
1217 4242 1259 4295 11.

62 4317 95 4368 D.
113 4314 156 4380 50,
174 4315 193 4369 5
211 4317 260 4384 (de
280 4315 444 4383 vacatione).

82 4385 123 4456 .7)
141 4389 185 4441 Fr.
205 4389 231 4442 9.
251 4387 274 4449 ἕ.
293 4387 318 4440 5.
337 4392 368 4441 ιἰ.
386 4389 429 4442 13.
446 4390 469 4450 ἓ.
488 4387 513 4440 5.
532 4393 563 4442 fr.
583 4387 625 4441 25.
645 4387 669 4449 5.
688 4384 714 4440 7.
732 4390 765 4439 D.
784 4390 811 4440 h.
830 4395 847 4439 t.

93 4455 121 4525 8)
139 4459 184 4514 ur.
205 4459 249 4514 31.
267 4461 302 4512 D.
319 4456 364 4524 46,
380 4458 400 4513 ὃ
418 4458 468 4527 (de
485 4457 586 4525 solut).
