2804 4966
149 308 185 363 86
466 312 667 353 institurum!
687 314 761 353 lum
779 314 884 352 ΙῠΙΑΙΙ
903 315 1025 354 ullul-

154 453 267 515 usitata
288 465 386 532 posse
406 447 542 511 transire
568 454 731 530 receptum
753 453 812 510 est.
857 448 934 511 lnde
957 449 1235 531 traditioproprie
1250 452 1350 514 dicitu

154 552 301 617 alienatio
313 558 492 614 rerumnec
507 548 652 631 mancipi,
678 551 705 611 sl
728 564 768 612 ex
789 551 872 633 iusta
895 566 990 613 causa
1003 554 1067 613 sint
1080 551 1207 614 traditae
1219 552 1268 642 1);
1288 553 1350 616 inde

155 653 337 717 necessaria
358 667 464 713 rerum
484 648 619 731 mancipi
642 656 674 712 et
696 667 755 713 nco
776 638 910 734 mancipi
933 651 1094 716 distinctio
1110 652 1152 737 2).

196 751 310 836 §.314
354 752 386 815 Si
417 752 488 832 quis
516 750 608 814 alteri
634 768 700 820 rem
732 753 866 834 mancipi
899 768 1004 834 neque
1034 757 1274 837 mancipaverat
1301 773 1352 818 nc-

155 871 216 934 que
242 857 274 916 in
302 854 373 916 iure
392 859 544 931 cesserat,
566 853 622 916 sed
644 857 762 915 mutum
784 853 966 931 tradiderat,
990 879 1022 919 ur
1035 874 1126 919 sonas
1150 855 1281 937 quidem
1293 857 1351 919 eius

156 976 192 1019 ea
216 974 268 1020 res
287 955 494 1032 efficiebatur,
518 973 558 1018 ex
583 957 653 1018 iure
676 953 843 1027 Quiritium
868 974 947 1018 vero
969 957 1124 1019 tradentis
1147 959 1351 1040 permanebat,

156 1060 256 1122 donec
275 1056 357 1121 alter
369 1056 454 1120 illam
473 1054 883 1138 possidendousoaaaaaar.
905 1056 1193 1137 llsucapioautem,
1209 1057 1351 1143 Lugexll

155 1159 341 1222 Tabularum
364 1158 502 1235 delinita,
533 1174 639 1220 rerum
671 1154 829 1219 mobilium
855 1174 937 1220 anno
961 1157 1249 1239 comprobabatur,
1278 1157 1353 1222 lnndi

157 1277 235 1322 vero
257 1258 310 1322 vel
334 1259 447 1322 adium
477 1257 659 1344 biennioil.
713 1259 911 1340 Usucapione
935 1259 1027 1322 etiam
1048 1274 1121 1335 ros,
1145 1262 1209 1324 tarn
1232 1263 1352 1343 mancipi

158 1380 249 1442 quam
272 1378 331 1424 nec
352 1362 486 1441 mancipi
508 1378 525 1422 a
548 1377 610 1422 non
633 1359 759 1423 domino
787 1361 933 1424 alienata
961 1359 1213 1439 acquirebantur
1233 1363 1285 1440 ei,
1308 1365 1352 1444 qui

156 1464 239 1526 bona
260 1461 321 1524 lide
336 1477 391 1523 eos
406 1465 583 1541 acceperat,
607 1476 676 1521 curn
693 1460 850 1538 crederet,
870 1478 941 1523 enm
957 1462 1011 1541 qui
1025 1473 1078 1522 eas
1093 1460 1238 1540 tradidit,
1259 1481 1352 1528 aaran

157 1563 315 1626 dominum
337 1561 485 1643 luisse4).

199 1662 302 1725 Fuere
325 1669 358 1725 et
381 1662 451 1724 alia
481 1662 609 1724 dominii
639 1680 679 1724 ex
707 1663 776 1724 iure
800 1661 969 1734 Quiritium
1000 1662 1235 1743 acquisitiones
1266 1663 1349 1726 relati

158 1761 359 1839 adiudicatio,
384 1778 452 1824 cun
471 1764 520 1824 rei
542 1763 713 1824 communis
734 1779 750 1822 a
773 1759 878 1822 iudice
899 1759 1010 1823 divisa
1032 1777 1107 1842 pars
1130 1761 1351 1826 alicuiadindi-

157 1861 335 1948 careturll,
357 1862 430 1923 item
447 1858 630 1924 hereditatis
650 1861 828 1942 acquisitio,
851 1867 993 1924 aulaeas
1014 1863 1200 1943 acquisitio,
1223 1880 1292 1927 cum
1309 1878 1351 1926 res

160 1960 255 2024 alicui
275 1960 377 2041 leqoto
396 1967 483 2024 esset
505 1962 557 2024 vel
573 1961 637 2025 alio
659 1962 802 2043 legitimo
828 1961 920 2025 modo
942 1962 980 2024 ab
1004 1979 1044 2025 eo
1065 1972 1257 2045 comparata.
1298 1964 1351 2028 lle·

159 2063 257 2142 nique
285 2067 317 2123 et
339 2062 435 2123 variae
456 2062 534 2123 iuris
559 2062 700 2144 gentium
724 2063 793 2123 sive
814 2061 966 2124 naturalis
990 2061 1118 2125 dominii
1138 2067 1352 2147 acquisitiones

159 2160 335 2238 invaluere,
359 2160 447 2222 velut
473 2163 637 2241 occupatio
659 2163 707 2224 rei
730 2161 848 2224 nullius
869 2179 929 2224 nec
950 2164 1096 2244 mancipi,
1120 2165 1198 2228 item
1221 2184 1279 2249 per
1304 2183 1351 2228 aa·

160 2261 325 2322 cessionem
348 2261 535 2341 adquirendi
560 2262 642 2325 modi
656 2262 693 2349 7).

200 2367 231 2444 ᾖ.
242 2360 315 2427 315.
358 2360 394 2422 ln
406 2361 465 2424 hac
479 2361 606 2424 dominii
621 2363 845 2426 constitu-tione
867 2368 977 2443 postea
991 2363 1124 2453 plurima
1146 2384 1163 2428 a
1176 2365 1353 2430 Praetoribus

159 2469 273 2525 mutata
295 2465 378 2524 sunt.
423 2460 576 2536 Nameos,
600 2463 741 2542 quirem
763 2462 796 2524 in
818 2462 909 2525 bonis
923 2468 1048 2525 ⁴tautum
1070 2464 1242 2544 habebant,
1256 2469 1351 2530 inren

160 2558 283 2626 actione
298 2560 477 2637 tuebantur,
502 2562 610 2624 utiam
632 2579 690 2642 pro
705 2562 839 2624 dominis
855 2563 963 2626 baberi
981 2566 1156 2647 coeperint,
1178 2567 1256 2630 inde
1271 2566 1351 2630 Gaias

160 2664 330 2726 dominium
347 2661 534 2725 divisionem
555 2665 718 2743 recepisse
742 2669 772 2724 et
788 2663 870 2746 apud
888 2664 1144 2728 civcsRomanos
1169 2664 1290 2749 duplex
1303 2665 1352 2728 do·
1392 2644 1396 2673 ’

160 2765 287 2826 minium
300 2762 400 2826 luisse
416 2763 511 2826 tradit
523 2763 569 2853 8);
593 2764 667 2826 iude
683 2763 849 2845 'lbeopbili
864 2764 1029 2840 Quiritorii
1052 2772 1083 2828 et
1094 2765 1255 2831 bonitorii
1264 2766 1351 2834 domi-
1393 2772 1396 2783 '

160 2865 216 2940 nii,
236 2863 393 2926 distinctio
405 2863 445 2949 9).
468 2862 570 2925 Potuit
584 2864 644 2926 iam
663 2863 743 2925 alius
764 2863 847 2926 nodo
864 2866 934 2928 iure
947 2865 1114 2939 Quiritium
1131 2887 1206 2953 esse
1221 2871 1352 2935 dominus

160 2963 342 3044 alterqnasi
355 2963 577 3026 dominusrarn
590 2964 724 3026 inbonis
740 2965 868 3048 babere,
891 2984 953 3048 quo
975 2984 1051 3030 casu
1072 2971 1158 3033 omni
1181 2972 1254 3034 eius
1275 2970 1352 3033 utili-

162 3071 226 3127 tate
248 3063 410 3127 fruebatur
420 3064 471 3152 ¹⁰).
495 3065 530 3125 ln
551 3065 641 3127 bonis
667 3067 863 3130 etiarn‘crant
876 3085 928 3131 res
946 3068 1157 3148 hereditaria,
1170 3088 1242 3152 qnae
1262 3072 1353 3134 ribo-

162 3181 272 3227 norum
286 3166 497 3244 possessionis
511 3164 674 3228 aPraetore
686 3169 858 3247 impetrata
878 3168 916 3231 ad
929 3169 1066 3249 aliquem
1090 3177 1303 3252 pervenerant
1312 3171 1352 3257 ιι).

204 3264 240 3326 Ei
261 3280 398 3344 quoque,
425 3267 478 3345 qui
501 3282 541 3327 ex
564 3267 645 3327 iusta
667 3283 762 3329 causa
785 3268 927 3330 traditam
949 3279 973 3331 a‘
988 3286 1050 3333 non
1067 3271 1196 3336 domino
1219 3274 1353 3336 sibinen

163 3363 299 3427 nondum
320 3367 483 3445 usucapit,
515 3366 647 3445 eiusque
679 3369 914 3446 possessiouem
937 3370 1050 3447 amisit,
1072 3387 1090 3434 a
1112 3370 1225 3436 Publio
1248 3370 1352 3436 liulilio

162 3472 296 3549 praetore
317 3466 349 3528 in
373 3482 439 3527 rem
464 3468 546 3528 actio
568 3465 642 3528 dato
665 3472 724 3543 est,
751 3467 888 3531 adbibita
922 3470 1066 3549 batione,
1100 3491 1168 3535 eam
1198 3475 1260 3537 iarn
1292 3490 1353 3538 esse
1394 3466 1396 3549 ἔ

162 3571 355 3646 usucaptam,
379 3582 448 3646 quae
469 3564 646 3647 publiciana
669 3568 701 3629 in
723 3584 788 3630 ram
809 3570 891 3632 actio
912 3569 1090 3652 appellatur
1103 3573 1152 3654 ²¹).
1394 3570 1396 3585 '

197 3793 212 3846 1
244 3791 308 3858 Uip.
326 3790 398 3842 XIX.
417 3787 442 3840 7.
479 3790 651 3844 Gai.11.19.
820 3821 821 3824 ¹

197 3864 214 3917 2
248 3864 308 3916 Gai.
326 3862 360 3913 ΙΙ.
380 3859 492 3914 18-20.
511 3861 553 3914 22.
590 3862 652 3930 Ulp.
670 3862 742 3914 XIX.
762 3860 786 3914 1.

196 3933 225 4001 3)
246 3934 357 4057 Gallu.
377 3931 421 3985 41.
438 3931 482 3985 42.
527 3934 589 4002 Ulp.
616 3937 636 3986 Ι.
661 3932 703 3985 16.
728 3935 800 3986 XIX.
820 3933 846 3987 8.
891 3935 984 3989 Cicero
1007 3953 1056 4004 pro
1082 3938 1189 3991 casim
1215 3959 1239 3994 ο.
1264 3940 1306 3994 19.
1329 3939 1358 3991 da

162 4007 255 4061 officiis
273 4007 294 4058 I.
330 4005 356 4058 2.

195 4076 225 4142 4)
245 4076 305 4129 (lai.
322 4079 357 4128 11.
374 4071 419 4126 43.
438 4071 483 4126 44
519 4073 581 4140 Ulp.
599 4074 670 4126 XIX.
687 4075 713 4126 2.
812 4072 840 4142 5)
859 4075 921 4142 Ulp.
940 4078 1011 4130 XIX.
1030 4077 1072 4131 16.

196 4146 225 4215 6)
245 4147 307 4215 Uip.
326 4147 400 4199 xlx.
418 4143 460 4198 17.
497 4145 582 4198 Varro
603 4147 637 4197 de
653 4162 682 4197 re
700 4148 799 4198 suadas
815 4148 913 4201 11.10.
1014 4146 1042 4215 7)
1064 4147 1123 4202 Gal
1142 4152 1177 4202 Π.
1196 4151 1314 4209 66-99.

197 4217 225 4286 8)
248 4218 309 4273 dai.
326 4221 361 4272 ΙΙ.
377 4215 420 4270 10.
441 4219 462 4269 I.
483 4214 526 4271 54.
627 4214 656 4282 9)
674 4218 841 4285 Theophilus
860 4219 939 4280 ad'i.
959 4218 984 4272 4.
1002 4222 1023 4272 Ι.
1042 4221 1066 4274 1.
1086 4220 1111 4274 5.

182 4287 226 4355 10)
247 4291 306 4343 Gai.
324 4291 345 4342 I.
365 4287 407 4342 54.
427 4290 460 4341 11.
482 4288 524 4342 88.
543 4288 589 4339 ΙΙΙ
610 4286 669 4340 166.
688 4288 880 4356 ulamau.
934 4288 978 4358 11)
995 4292 1068 4346 vida
1083 4294 1153 4345 inira
1172 4293 1195 4354 5.
1214 4290 1361 4347 aba—506.

180 4359 225 4426 12)
246 4361 305 4414 Gai.
324 4363 370 4414 Π.
388 4360 431 4414 36.
449 4364 481 4413 ir.
500 4361 524 4412 1.
542 4375 581 4426 pr.
602 4356 633 4410 D.
655 4359 682 4423 6,
700 4359 716 4410 2
737 4357 784 4425 (da
800 4362 910 4434 publip
927 4378 991 4416 ram.
1012 4361 1084 4429 aaa).
1106 4364 1130 4426 6.
1150 4362 1177 4417 6.
1196 4365 1218 4416 Ι.
1238 4362 1268 4429 4,
1285 4365 1303 4418 6
1321 4364 1362 4432 (da

163 4430 308 4498 aduentu).
345 4432 499 4485 Secundum
517 4431 668 4498 opinionem
690 4432 867 4498 quorumdam
891 4434 1062 4502 interpretum
1080 4437 1241 4502 publiciana
1261 4439 1362 4492 utiam

165 4508 191 4555 at
207 4503 232 4555 is
251 4505 383 4567 utebatur,
402 4504 522 4571 quirem
540 4503 567 4554 in
585 4503 664 4556 bonis
683 4503 811 4556 hababm.

80 4598 133 4664 h·
