2804 4966
85 315 120 369 92
402 317 602 357 riterlwrrortss
624 319 697 357 runis
716 319 819 358 nonu
839 319 961 384 i’RiVATi.

84 459 218 530 tantum,
248 453 302 533 qui
323 452 362 515 ab
389 470 424 514 ea
446 457 534 531 parte
564 468 662 531 prope
690 454 788 532 ripam
813 453 929 532 praedia
957 454 1134 534 possident.
1181 455 1282 519 insuia

83 555 138 616 uni
160 554 332 634 acquisita,
363 552 392 614 ei
417 557 449 614 et
471 554 502 614 in
525 552 564 614 iis
595 551 809 615 alluvionibus
838 560 960 632 maaet,
991 572 1062 635 quae
1091 553 1283 620 latitudinem

83 655 193 737 praedii
214 653 371 716 excedunt
384 654 425 740 1).
469 653 501 716 Si
523 671 600 715 vero
625 653 740 715 flumen
763 654 868 734 aliqua
891 661 979 735 parte
999 656 1149 733 divisum,
1173 657 1285 720 deinde

83 755 165 818 inira
187 755 317 831 unitum,
340 770 451 835 agrum
474 752 607 815 alicuius
629 753 660 815 in
682 752 795 816 insuia
819 752 949 817 sormam
974 756 1119 839 redegit,
1146 756 1285 820 eiusdem

84 861 248 937 permanet
269 855 308 932 is,
333 855 423 917 cuius
446 857 536 916 antea
560 852 618 916 fait
632 853 672 941 ²).

126 960 156 1038 ξ.
167 955 239 1021 331.
285 954 373 1028 Quod
395 955 422 1016 si
445 953 559 1016 flumen
579 954 639 1016 alia
661 959 751 1035 parte
772 955 873 1017 fluere
892 955 1036 1035 caeperit,
1058 954 1172 1018 alveus
1193 955 1286 1019 dere-

84 1056 178 1119 lictus
201 1073 309 1118 eorum
331 1055 375 1131 fir,
401 1056 454 1134 qui
480 1071 580 1135 prope
602 1057 701 1135 ripam
724 1056 792 1117 eius
815 1056 933 1136 praedia
946 1054 1113 1135 possideat
1124 1073 1184 1136 pro
1198 1057 1285 1120 modo

84 1157 260 1221 latitudinis
281 1156 438 1235 cuiusque
462 1155 543 1236 agri,
565 1171 635 1234 quae
656 1155 789 1217 latitudo
810 1172 909 1236 prope
930 1155 1027 1234 ripam
1046 1161 1096 1217 est
1104 1161 1171 1230 31et
1187 1173 1285 1219 novus

86 1258 196 1322 alveus
220 1253 367 1336 publicus
390 1252 441 1328 fite,
470 1255 553 1327 sicut
576 1254 677 1333 ipsum
701 1252 867 1340 flumeai).
912 1253 944 1316 Si
968 1259 1000 1315 et
1021 1271 1138 1317 novum
1162 1255 1285 1319 alveum

84 1356 257 1435 dereliquit
283 1353 418 1430 flumen,
454 1354 505 1415 hio
534 1354 677 1417 similiter
702 1353 885 1430 commit,
919 1355 972 1435 qui
998 1356 1143 1435 proxima
1175 1357 1286 1420 habeat

46 1469 48 1473 ‘
84 1458 212 1540 praedia.
258 1453 354 1516 Cuius
384 1461 487 1516 tamen
516 1460 614 1517 totum
645 1472 757 1535 agrum
790 1473 892 1517 novus
920 1456 1032 1517 alveus
1063 1463 1285 1538 occupaverat,

84 1559 160 1620 licet
181 1555 219 1619 ad
241 1558 379 1636 priorem
403 1555 527 1618 alveum
550 1573 715 1619 reversum
739 1555 835 1618 suerit
860 1556 993 1633 flumen,
1024 1573 1087 1619 aon
1116 1562 1222 1622 tamen
1249 1560 1285 1635 is,

85 1659 176 1720 cuius
198 1658 225 1719 is
247 1674 326 1738 ager
347 1655 462 1732 iuerat,
484 1656 591 1717 stricta
614 1658 737 1718 ratione
761 1656 930 1737 quidquam
953 1656 985 1717 in
1007 1674 1045 1718 eo
1059 1657 1155 1720 alveo
1172 1659 1285 1721 habore

85 1757 217 1839 potest.
241 1758 312 1836 quia
344 1755 400 1818 iile
429 1774 507 1839 ager
534 1758 588 1836 qui
618 1756 738 1833 iuerat,
772 1757 867 1819 desiit
892 1775 985 1834 esse,
1017 1761 1132 1831 amissa
1160 1761 1285 1842 propria

86 1856 200 1931 sorma;
224 1862 257 1918 et
279 1857 351 1936 quia
375 1856 526 1937 praedium
550 1857 686 1919 vicinum
709 1857 829 1920 nullum
843 1858 947 1934 habet,
971 1876 1034 1932 noa
1048 1865 1156 1939 potest
1168 1861 1286 1923 ratione

53 2030 56 2037 Ι
85 1958 254 2021 vicinitatis
277 1957 372 2021 ullam
394 1964 513 2039 partem
535 1959 567 2019 in
589 1977 627 2021 eo
648 1957 743 2021 alveo
764 1958 879 2021 habere
893 1959 931 2044 4).
976 1958 1074 2022 Aliud
1094 1958 1173 2023 sane
1195 1967 1245 2024 est
1261 1962 1284 2023 si

87 2059 178 2121 cuius
212 2077 291 2141 ager
322 2064 405 2121 totus
438 2058 607 2121 inundatus
641 2059 755 2134 suerit3
790 2077 922 2140 namque
952 2060 1116 2122 inundatio
1151 2061 1285 2141 speciem

86 2158 175 2221 fundi
195 2176 257 2222 non
280 2164 386 2235 mutat,
411 2165 442 2221 et
462 2161 489 2221 si
510 2162 645 2222 recessit
660 2177 751 2240 aqua,
774 2159 876 2241 palam
891 2166 951 2237 est,
975 2160 1104 2223 fundum
1122 2162 1193 2224 eius
1209 2181 1286 2237 esse,

89 2260 181 2320 cuius
206 2264 297 2321 antea
320 2259 423 2322 suerat
437 2259 477 2346 5).

129 2359 241 2442 §.332
286 2359 402 2422 Planta
425 2365 457 2423 in
474 2361 577 2424 alieno
596 2360 664 2424 solo
684 2363 796 2442 positae
809 2363 878 2426 eius
893 2363 981 2441 fiunt,
1004 2364 1096 2427 ouius
1113 2369 1164 2426 est
1178 2351 1286 2440 solum,

89 2477 128 2521 ex
150 2477 213 2539 quo
237 2467 392 2525 momento
414 2461 538 2523 radices
559 2461 593 2522 in
615 2479 653 2524 eo
677 2470 816 2544 egerunt
837 2465 888 2526 vel
911 2464 1117 2527 coaluerunt:
1151 2466 1287 2529 creditur

88 2561 170 2622 enim
194 2560 299 2639 planta
323 2561 385 2623 aiio
405 2567 499 2624 terrae
518 2562 665 2625 alimento
687 2561 747 2623 alia
770 2563 838 2625 fieri
851 2564 892 2650 6),
915 2564 995 2629 adeo
1021 2570 1055 2626 ut
1076 2565 1172 2628 arbor
1194 2583 1287 2646 prope

90 2660 259 2724 confinium
281 2663 393 2742 posita,
417 2663 444 2724 si
468 2663 558 2724 etiam
581 2663 612 2724 ia
636 2663 732 2724 vicini
756 2662 884 2725 iuadam
909 2664 1033 2727 radices
1055 2665 1177 2748 egerit,
1203 2682 1287 2726 oom-

88 2761 190 2822 munis
211 2760 272 2823 iiat.
316 2762 431 2825 Eadem
454 2765 577 2827 ratione
599 2762 752 2827 frumenta
777 2781 923 2844 quoque,
957 2783 1027 2846 quae
1048 2771 1144 2828 terrae
1164 2764 1288 2827 coales-

91 2865 177 2938 cunt,
202 2860 271 2924 solo
296 2863 411 2926 cedere
434 2863 659 2947 intelliguntur
671 2863 706 2946 ⁷).
1299 2861 1308 2871 ”

131 2960 244 3042 3333.
290 2963 439 3027 Similiter
460 2964 503 3042 id,
529 2965 613 3044 quod
636 2965 849 3044 inaedificatur,
873 2966 943 3030 solo
967 2966 1069 3043 cedit,
1094 2965 1166 3027 sive
1191 2963 1288 3027 domi-

89 3079 149 3122 nus
172 3062 232 3125 soli
258 3066 396 3127 materiis
423 3065 537 3129 alienis
560 3064 725 3129 aedificium
751 3069 961 3144 exstruxerit,
992 3067 1063 3130 sive
1092 3066 1287 3130 materiarum

90 3161 233 3226 dominus
255 3165 288 3226 ia
309 3165 413 3229 alieno
435 3166 553 3246 praedio
574 3165 826 3254 aediiicaveriti).

130 3263 196 3327 Nec
221 3270 323 3328 tamen
350 3267 422 3329 ideo
446 3267 492 3343 is,
521 3268 575 3347 qui
599 3269 737 3330 materiae
760 3267 904 3331 dominus
927 3267 1049 3342 iuerat,
1083 3265 1203 3329 desinit
1225 3267 1288 3328 eius

91 3365 235 3428 dominus
258 3384 341 3429 esse.
384 3366 460 3430 Nam
482 3367 558 3430 iicet
579 3368 691 3431 aedium
706 3369 897 3431 universitas
911 3367 950 3431 ad
965 3367 1026 3430 soli
1042 3366 1203 3429 domicum
1217 3382 1288 3446 per-

92 3466 198 3544 tineat,
222 3466 347 3549 singula
374 3473 478 3530 tamea
501 3486 645 3550 corpora,
669 3468 838 3549 exquibus
854 3474 988 3546 constat,
1008 3486 1070 3531 aon
1092 3469 1205 3548 utique
1225 3468 1287 3530 eius

91 3584 163 3629 esse
184 3567 455 3649 intelligunturi).

88 3672 285 3684 -ι--...-.

125 3710 152 3781 1)
171 3717 213 3770 Fr.
233 3715 275 3769 56.
293 3734 332 3782 pr.
352 3715 418 3776 5.1.
437 3718 470 3768 D.
489 3717 524 3768 ib.
625 3713 652 3782 2)
672 3718 720 3779 Fra,
728 3714 760 3768 ’7.
780 3717 803 3776 ἓ.
821 3715 848 3768 4.
867 3718 900 3767 D.
920 3717 955 3768 ib.

126 3785 153 3851 3)
172 3787 195 3847 5.
214 3786 294 3840 231.
314 3790 340 3839 h.
360 3793 378 3839 t.
393 3790 424 3839 fr.
444 3785 469 3839 7.
489 3787 512 3847 5.
532 3787 556 3839 5.
575 3789 606 3839 fr.
624 3787 667 3840 29.
685 3788 727 3842 30.
749 3787 772 3848 5.
790 3788 818 3840 2.
837 3791 871 3840 D.
891 3789 953 3839 eod.

124 3855 152 3925 4)
170 3860 317 3911 Retulimus
336 3860 419 3910 rerba
440 3859 500 3910 Gaii
520 3861 548 3910 in
565 3860 595 3911 fr.
614 3856 639 3910 7.
660 3860 682 3918 5.
703 3857 735 3922 ὃς
754 3860 826 3928 quod
846 3860 924 3910 addit
941 3859 984 3908 hic
1005 3857 1212 3910 iurisconsultus
1231 3865 1288 3918 „⁸¹⁰

91 3938 138 3974 vrx
158 3940 213 3993 aar,
233 3939 265 3975 cr
283 3939 310 3974 rc
332 3930 478 3976 orrraaar“
498 3932 602 3982 veriam
620 3932 713 3998 recipit
730 3932 982 3997 interpretationem.
1005 3930 1147 3996 Pomponii
1161 3929 1291 3982 sentencia

89 4001 117 4051 in
135 4003 166 4054 fr.
187 3999 230 4053 30.
250 4001 273 4061 5.
290 3999 316 4052 3.
335 4002 368 4052 D.
385 4003 412 4052 ir.
432 4008 451 4054 t.
472 4017 532 4053 eam
550 4004 666 4055 fortasse
687 4004 816 4069 explicat

125 4069 484 4137 ὢὴἎὶᾶΠὴὶ

125 4141 154 4208 6)
172 4145 214 4195 Fr.
234 4141 277 4195 31.
298 4145 318 4194 Ι.
338 4144 364 4194 h.
383 4149 401 4195 t.
420 4147 452 4196 fr.
467 4140 493 4194 7.
512 4142 535 4202 5.
557 4144 602 4194 ult.
620 4145 652 4194 fr.
673 4144 697 4197 8.
717 4162 755 4211 pr.
775 4146 806 4196 fr.
818 4144 861 4196 26.
883 4142 941 4204 52.
959 4144 992 4194 D.
1011 4143 1073 4195 eod.
1094 4141 1154 4193 dei.
1173 4141 1198 4193 2.
1218 4137 1293 4202 574.

91 4214 160 4266 Vide
180 4221 271 4268 tamen
289 4215 320 4266 fr.
339 4215 364 4267 6.
385 4215 407 4274 5.
426 4213 451 4266 2.
472 4216 504 4267 D.
523 4212 567 4276 47,
584 4212 601 4266 7
622 4213 722 4279 (arbor.
741 4219 801 4268 furt.
821 4212 901 4279 cae).

127 4281 155 4350 7)
177 4286 200 4347 5.
220 4284 262 4340 32.
281 4288 302 4338 I.
322 4287 383 4338 eod.
401 4289 432 4338 fr.
452 4283 477 4337 9.
495 4303 533 4353 pr.
553 4288 587 4338 D.
606 4287 667 4338 eod.
688 4287 747 4340 Gai.
767 4285 792 4338 2.
810 4286 834 4346 5.
853 4284 897 4339 75.

126 4354 155 4422 8)
175 4359 218 4408 Fr.
236 4355 262 4408 7.
282 4357 305 4416 5.
325 4355 439 4410 10-12.
459 4359 492 4408 D.
511 4359 537 4408 h.
558 4363 576 4408 t.
593 4357 617 4416 ἓ.
637 4355 680 4410 29.
699 4356 742 4411 30.
761 4360 782 4410 1.
801 4359 838 4410 ib.
859 4357 918 4409 Gai.
937 4353 962 4407 2.
984 4355 1010 4416 5.
1023 4351 1066 4406 73.
1152 4375 1160 4388 «

127 4423 154 4489 9)
175 4427 197 4486 5.
216 4428 298 4564 2901.
316 4430 343 4480 h.
363 4434 380 4481 t.
399 4432 430 4481 fr.
450 4425 476 4480 7.
501 4427 585 4489 510.
608 4429 668 4483 eod.
691 4431 754 4497 Arg.
773 4432 804 4482 fr.
824 4427 867 4482 23.
886 4446 924 4495 pr.
943 4428 977 4478 D.
995 4424 1039 4488 41,
1058 4425 1075 4478 2
1100 4419 1149 4490 (de
1169 4439 1232 4494 seq.
1255 4425 1298 4479 rel

93 4498 176 4549 amitt.
195 4514 258 4566 poss
280 4537 287 4551 .
