2804 4966
536 339 668 383 muru,
690 338 776 380 carm.
1204 327 1260 383 2²5

53 491 152 537 cansa
179 473 328 550 suberat,
359 478 522 552 poctoran
544 478 669 538 nominc
692 474 811 537 nullam
838 476 1010 569 actionem,
1041 474 1258 554 exceptionem

52 593 134 638 vero
157 574 373 661 pariebant1).
416 574 528 639 Postea
541 594 611 638 cum
631 579 772 658 pretorii
794 578 873 638 iuris
895 577 1053 638 crevisset
1074 578 1259 652 auctoritas,

55 695 96 740 ex
117 675 306 757 quibusdam
326 676 427 757 pactis
455 678 488 739 in
515 694 681 758 personam
712 680 852 739 actiones
882 677 1057 753 dabantur,
1088 694 1158 757 quae
1187 678 1260 740 inde

58 776 154 840 bodie
181 781 279 855 pocta
301 774 457 855 protono
485 774 656 859 appellant.
699 779 878 839 Accessere
908 776 956 838 bis
985 780 1157 841 novissime
1189 778 1261 853 alia,

57 894 129 958 qnae
150 878 375 958 imperatorum
394 877 671 940 constitutionibus
695 878 834 940 civiliter
856 877 1045 961 obligatoria
1071 876 1151 940 lacta
1176 885 1262 955 sunt,

56 977 220 1058 hodieque
238 976 371 1058 mino
387 983 485 1058 pactu
503 979 712 1040 nominantur.

96 1079 196 1143 tidem
221 1085 255 1142 et
281 1096 322 1142 ex
343 1076 626 1160 pollicitationibus
648 1076 818 1158 aliquando
841 1096 901 1140 nos
923 1078 1061 1162 obligari
1084 1081 1262 1142 constitue-

54 1185 130 1242 runt
178 1222 185 1240 .

97 1284 128 1362 §-
144 1179 216 1344 ¹¹27st
260 1281 307 1342 Ex
330 1279 487 1345 maleficio
510 1284 582 1345 sive
602 1282 720 1346 delicto
743 1282 939 1365 obligumur,
971 1283 1001 1343 si
1029 1280 1160 1345 alterius
1186 1282 1262 1363 per-'

55 1392 143 1442 sunm
164 1378 332 1444 selbonis
354 1381 500 1445 iaciendo
521 1382 664 1445 damnum
688 1383 870 1456 intulimus3
892 1381 1022 1464 proprio
1044 1380 1115 1444 lure
1139 1398 1180 1445 ex
1201 1401 1261 1444 va-

55 1481 112 1543 riis
142 1497 310 1544 cansarum
339 1481 471 1565 liguris,
500 1486 591 1563 quasi
621 1500 662 1546 ex
693 1488 858 1545 contractu
887 1488 919 1545 et
947 1485 1038 1564 quasi
1066 1502 1107 1545 ex
1135 1484 1261 1547 delicto.

56 1581 216 1644 Praeterea
238 1587 341 1644 tamen
364 1589 397 1645 et
417 1583 487 1648 alia
510 1583 651 1664 quedam
673 1591 747 1646 sunt
768 1582 996 1666 obligationum
1017 1601 1121 1646 causae
1134 1604 1175 1648 ex
1193 1589 1263 1648 iure

55 1681 282 1760 civili‚vveluti
296 1683 335 1746 ad
349 1685 494 1747 alimenta
506 1684 617 1747 liberis
637 1683 814 1765 praestanda
834 1682 886 1745 vel
908 1684 947 1745 ad
965 1683 1069 1747 dotem
1089 1686 1162 1748 lilim
1181 1703 1261 1748 con-

56 1783 270 1861 stituendam,
302 1784 454 1866 aliaeque,
486 1803 556 1867 que
581 1804 642 1848 nec
663 1786 754 1865 quasi
782 1803 822 1846 ex
843 1790 1007 1846 contractu
1028 1803 1088 1847 nec
1111 1782 1201 1865 quasi
1223 1802 1264 1846 ex
1384 1872 1390 1877 .

55 1887 178 1950 delicto
197 1885 401 1966 proveniunt.

94 1990 127 2070 ᾖ.
140 1986 221 2052 780.
258 1986 337 2049 Sunt
358 1986 450 2047 etiam
474 1984 631 2048 laetoriae
650 1968 876 2068 obligationes,
900 2004 970 2066 qnae
992 2004 1032 2048 ex
1045 1985 1170 2048 delictis
1184 2004 1261 2049 nas-

57 2092 196 2162 cuntnr3
221 2085 346 2167 quando
369 2086 492 2148 scilicet
512 2088 544 2148 in
566 2086 670 2149 edicto
688 2086 833 2149 Praetoris
856 2105 897 2148 ex
913 2085 1028 2149 delicto
1047 2089 1128 2149 actio
1144 2105 1265 2168 propo-

53 2189 113 2250 sita
140 2191 203 2248 est.
226 2185 442 2249 ursmarum
463 2189 621 2249 actionum
644 2187 784 2267 quaedam
808 2188 840 2249 in
862 2188 1020 2269 integrum
1033 2189 1263 2249 restitutionem

57 2287 234 2350 continent.
278 2284 372 2347 Varia
400 2285 538 2365 denique
566 2286 750 2364 interdicta,
780 2305 838 2367 pro
866 2288 979 2367 quibus
1000 2289 1173 2350 novissimo
1196 2289 1266 2349 inre

53 2389 202 2451 actiones
234 2390 442 2463 exercentur,
481 2388 566 2449 inter
599 2387 826 2470 obligationum
862 2405 974 2450 causas
1013 2390 1082 2449 inre
1115 2395 1266 2469 praetorio

53 2490 197 2551 sancitas
226 2483 342 2548 reterri
365 2484 491 2547 debent.
536 2485 611 2548 Nam
645 2489 827 2567 quicunqne
858 2487 1018 2568 personali
1049 2489 1174 2550 actione
1203 2488 1266 2550 ali·
1331 2504 1334 2509 ·

56 2606 156 2672 quem
180 2589 362 2652 devinctum
384 2589 444 2650 sibi
467 2589 570 2666 bnbct,
592 2607 707 2652 revera
730 2592 799 2652 eius
821 2590 962 2653 creditor
982 2590 1083 2675 θεῖ’).

99 2695 131 2774 ξ.
144 2690 217 2755 781.
260 2689 402 2752 bloribns
423 2691 629 2771 populorum,
652 2693 734 2773 apud
757 2709 837 2773 quos
860 2697 1023 2771 receptum
1047 2691 1165 2752 estius
1191 2689 1264 2750 lus-

56 2793 246 2867 tinianeurn,
268 2792 473 2854 constitutum
497 2798 557 2870 est,
579 2798 614 2854 nt
629 2811 670 2854 ex
685 2793 756 2855 aliis
772 2795 888 2869 causis,
913 2807 983 2870 quae
996 2791 1169 2870 antiquitus
1183 2806 1266 2851 non-

55 2893 121 2954 nisi
134 2890 355 2971 exceptionem
375 2893 546 2972 pariebant,
570 2893 784 2977 obligationes
800 2895 981 2956 orirentur:
1003 2890 1087 2952 unda
1099 2908 1140 2952 ex
1152 2891 1264 2970 quavis

57 2990 210 3073 pactione
240 2989 303 3051 rite
327 2997 501 3069 conventa,
532 2995 615 3055 actio
646 2993 879 3056 concedebatur
909 2995 930 3054 i.
953 3011 982 3054 e.
1005 2990 1087 3052 actio
1116 3009 1157 3053 cm
1183 2984 1266 3051 nodo

56 3097 157 3172 pecto
178 3088 281 3152 datur.
324 3090 405 3154 llinc
425 3092 540 3155 factum
562 3103 630 3172 est,
653 3096 735 3156 utin
760 3095 904 3157 omnibus
926 3093 1071 3169 casibus,
1093 3092 1125 3152 iu
1147 3091 1264 3171 quibus

58 3197 193 3254 vererer
216 3191 437 3270 stipulationes
459 3194 662 3276 interponere
686 3200 937 3269 consueverunt,
968 3193 1050 3275 apud
1071 3194 1267 3255 recentiores

59 3290 213 3374 populos,
234 3294 323 3371 pactu
348 3292 621 3357 contraderentur.

60 3447 265 3466 *dm-dd

98 3534 135 3605 1)
148 3536 192 3591 se.
206 3528 233 3591 7.
251 3537 275 3598 s.
292 3534 319 3590 4.
337 3540 369 3591 a.
384 3532 428 3593 49.
446 3538 483 3592 to.
500 3542 534 3593 n.
553 3541 580 3606 2,
598 3540 633 3594 14
653 3542 701 3609 (aa
717 3541 822 3610 paese).
844 3544 876 3594 fr.
893 3539 919 3593 3.
945 3538 969 3601 §-
988 3535 1013 3591 7.
1042 3540 1076 3589 n.
1095 3536 1122 3602 2,
1140 3537 1157 3589 2
1183 3532 1270 3604 (quon

59 3611 123 3680 quis
143 3609 173 3661 in
184 3611 265 3667 altar.
285 3607 429 3675 statuerit).

97 3678 129 3747 2)
148 3680 210 3748 θὶς.
226 3677 272 3744 50,
294 3678 329 3733 lt
351 3680 398 3749 (cto
415 3682 672 3751 pollicitationibus).

97 3751 128 3817 3)
149 3752 218 3805 cum
236 3753 279 3804 rit
297 3755 326 3803 at
339 3759 438 3805 nature
454 3755 630 3822 plurimarum
649 3758 746 3808 herum
764 3748 957 3821 obligationum
971 3750 1078 3803 nonnisi
1096 3765 1132 3801 ax
1151 3749 1266 3810 notione,

61 3823 306 3949 qfflfflm’
324 3825 450 3893 cognosci
468 3827 566 3892 possit,
592 3843 640 3882 aas
657 3829 686 3880 in
705 3833 799 3896 quarto
818 3825 1012 3878 Institutionum
1030 3827 1180 3876 nostrerum
1198 3821 1267 3870 libro

60 3913 78 3950 ο
160 3911 179 3950 s
236 3910 276 3948 uo

570 4142 768 4160 -nn—nfld—-n
