2804 4966
136 306 189 364 a14
215 326 217 333 ⁸
468 312 669 350 rnerrrurronrs
689 311 763 349 ranas
783 309 887 348 111111
905 308 1025 346 narrari.

139 462 160 522 i.
183 477 211 520 a.
236 475 275 520 eo
297 456 443 532 consilio,
466 459 501 517 ut
523 459 623 517 morte
648 454 772 517 demum
797 454 942 517 donantis
959 456 1103 520 insecuta
1128 457 1275 521 absoluta
1297 459 1347 534 sit,

139 567 229 626 antea
258 576 335 621 vero
357 559 504 621 rovocari
530 559 640 639 possit.
686 557 781 620 lmmo
810 559 864 638 qui
888 560 1033 639 scripsit,
1066 565 1101 621 ut
1132 560 1347 644 chirographa

145 661 198 725 vel
222 658 335 723 tabulae
359 659 456 720 debiti
480 660 590 720 inanes
614 657 692 735 sint,
725 658 898 720 debitorem
928 661 1038 722 mortis
1069 677 1164 725 causa
1190 659 1349 723 liberandi

141 764 260 848 gratia,
289 761 331 822 ita
353 760 489 838 donasse
515 757 659 835 videtur,
682 764 718 819 ut
738 758 832 820 heres
856 759 920 822 doli
944 759 1015 823 mali
1036 765 1224 843 exceptione
1256 780 1347 826 sum-

142 864 264 927 moveri
285 861 436 947 possit1).

183 987 214 1065 §-
228 980 299 1046 749.
344 977 420 1041 Cum
444 977 545 1060 igitur
566 977 674 1040 mortis
695 993 789 1038 causa
811 976 956 1054 donatio,
981 978 1056 1041 licet
1077 984 1177 1042 morte
1201 979 1350 1043 donantis

143 1084 266 1147 demum
288 1079 488 1161 perficiatur,
518 1078 720 1139 nihilominus
743 1079 845 1140 omnia
867 1079 949 1140 inter
972 1080 1064 1141 vivos
1086 1080 1268 1143 donationis
1290 1081 1351 1144 ba-

143 1187 217 1248 beat
238 1182 394 1264 insignia:
416 1177 544 1260 plurimi
556 1177 773 1240 iurisconsulti
786 1178 813 1267 ²)
836 1197 902 1240 eam
920 1178 1035 1262 legatis
1050 1186 1081 1242 et
1096 1179 1351 1245 fideicommissis

144 1282 393 1364 equiparabant,
418 1281 471 1343 alii
496 1280 613 1367 vomi)
638 1281 721 1341 inter
742 1282 888 1363 negotia,
924 1299 993 1362 quae
1024 1283 1106 1344 inter
1134 1283 1227 1345 vivos
1260 1283 1352 1360 liunt,

146 1403 213 1448 eam
234 1381 510 1444 connumerabant.
555 1379 745 1443 Iustinianus
764 1399 854 1443 omne
869 1381 995 1443 dubium
1012 1381 1179 1463 explosum
1195 1400 1273 1446 esse
1290 1402 1353 1446 vo-

145 1485 221 1560 luit,
252 1488 411 1558 statuens,
443 1487 478 1545 nt
506 1483 615 1544 mortis
640 1499 734 1544 causa
769 1483 896 1545 donatio
919 1501 976 1564 per
998 1485 1118 1563 ,omnia
1140 1484 1208 1546 lere
1230 1485 1353 1568 legatis

145 1588 460 1649 connumeraretur:“
483 1582 620 1663 ideoque
633 1601 699 1645 eam
715 1589 746 1645 et
760 1601 864 1646 coram
880 1586 1021 1665 quinque
1037 1585 1170 1647 testibus
1192 1585 1354 1648 celebrari

144 1702 243 1777 posse=
259 1684 405 1759 sancivit,
429 1685 498 1745 sive
520 1685 646 1764 scriptis
669 1684 739 1745 sive
762 1685 831 1746 sinc
853 1686 981 1765 scriptis
1004 1685 1103 1763 lieret,
1127 1685 1185 1748 sed
1201 1685 1354 1749 insinua·-

145 1791 231 1852 tioue
253 1805 320 1849 eam
342 1790 405 1847 tum
427 1803 489 1846 non
512 1786 659 1867 indigere
681 1787 878 1874 pracepit⁴).

189 1909 220 1987 §-
235 1905 305 1971 750.
349 1903 458 1966 Mortis
481 1921 575 1966 causa
597 1904 715 1966 donare
737 1910 888 1985 possunt,
921 1906 974 1985 qui
997 1905 1107 1968 testari
1128 1909 1286 1986 possunt,
1324 1911 1357 1968 et

146 2011 207 2070 tam
228 2008 257 2068 is
288 2006 342 2085 qui
364 2009 583 2067 testamentum
606 2004 690 2082 facit,
715 2023 807 2085 quam
830 2007 884 2086 qui
907 2024 969 2068 non
994 2005 1078 2068 lacit.
1113 2003 1356 2070 Filiusfamilias

147 2114 249 2170 tamen
272 2107 380 2169 mortis
403 2122 498 2167 causa
522 2106 651 2183 donare,
674 2112 763 2187 patre
788 2107 999 2187 permittente,
1021 2106 1175 2188 potest5).

188 2224 269 2296 Quid
293 2229 396 2291 autem
418 2224 527 2285 mortis
551 2241 646 2286 causa
671 2224 780 2287 donari
802 2226 920 2306 possit,
952 2224 1234 2304 exsuperioribus
1259 2223 1359 2286 colli-

146 2325 253 2406 gitur:
285 2341 348 2385 non
371 2325 471 2384 minus
493 2325 592 2400 enim,
626 2341 718 2403 quarn
740 2325 823 2385 inter
847 2325 940 2386 vivos
962 2329 994 2386 et
1014 2342 1146 2409 corpora
1172 2330 1204 2386 et
1227 2327 1358 2389 nomina

147 2426 255 2488 mortis
281 2441 375 2486 causa
398 2424 507 2486 donari
525 2430 667 2505 possunt,
692 2431 724 2486 et
736 2425 971 2505 stipulationes,
995 2427 1279 2511 expromissiones,
1304 2431 1361 2492 aut

149 2525 409 2606 acceptilationes
432 2526 541 2588 mortis
564 2542 658 2588 causa
681 2525 799 2609 51116).

191 2645 220 2724 5.
236 2643 307 2708 751.
351 2643 478 2716 Quavis
502 2661 541 2703 m.
563 2662 591 2705 c.
613 2644 751 2720 donatio,
776 2642 922 2722 quamdiu
943 2645 1023 2706 vivit
1040 2642 1183 2720 donator,
1206 2644 1359 2706 revocari

147 2747 262 2826 potest.
286 2743 416 2824 Semper
430 2749 533 2806 autem
555 2750 703 2807 revocata
726 2743 927 2827 intelligitur,
950 2762 1019 2806 cum
1042 2743 1175 2806 donator
1197 2760 1282 2820 eum,
1306 2745 1360 2805 cui

149 2846 295 2925 donavit,
328 2847 543 2926 supervixerit
556 2844 590 2928 ⁷).
634 2845 710 2908 ltem
733 2846 827 2908 tacite
853 2851 1001 2910 revocata
1029 2845 1220 2930 intelligitur
1245 2845 1359 2908 mortis

148 3015 345 3025 ...φ-

147 3136 181 3185 D.
198 3129 274 3196 a4,1
295 3130 343 3198 (de
363 3132 583 3186 conectatur.
603 3137 630 3184 et
649 3131 746 3199 aaron).
790 3133 846 3184 Nec
871 3131 940 3183 inter
963 3131 1039 3185 vivos
1059 3133 1168 3185 donello
1186 3133 1316 3198 valebat,
1336 3136 1360 3188 si

148 3206 283 3270 negotium
301 3204 365 3256 iuris
383 3210 485 3271 gestum
503 3221 557 3257 non
578 3209 656 3270 esset,
673 3205 721 3256 sed
739 3205 798 3256 sola
817 3204 942 3256 voluntas
961 3205 1085 3257 donantis
1103 3205 1257 3258 manifeste.
1282 3207 1360 3258 Vati-

149 3275 455 3341 superrogatae&
498 3277 640 3343 stipulatio
664 3277 754 3328 mortis
773 3290 857 3327 causa
885 3275 1006 3329 donandi
1026 3278 1115 3329 animo
1132 3282 1226 3329 tamen
1243 3295 1301 3331 non
1318 3280 1358 3331 its

147 3348 205 3401 fieri
225 3347 326 3410 debuit,
348 3353 376 3398 ut
395 3349 464 3400 actio
475 3349 510 3398 ab
526 3349 633 3400 heredis
650 3363 766 3415 persona
785 3347 893 3399 demum
910 3349 1047 3415 inciperet,
1065 3349 1277 3401 hooveteriiuri
1295 3367 1359 3403 oon·

148 3419 257 3472 tretium
282 3423 348 3470 erat.
392 3418 451 3470 Gai.
471 3419 496 3471 1.
527 3417 728 3478 5153-158.
764 3418 886 3485 Theoph.
911 3419 948 3470 ad
967 3418 991 3479 ὅ.
1011 3420 1053 3473 13.
1083 3421 1105 3483 Ι,
1123 3417 1150 3482 3,
1167 3416 1194 3472 ’7.
1219 3425 1249 3472 et
1273 3421 1297 3482 §-
1314 3419 1358 3473 sl.

147 3494 169 3544 Ι.
189 3489 216 3554 3,
236 3489 278 3543 ab.
315 3490 431 3542 Exactio
449 3506 513 3543 vero
531 3493 566 3541 ab
585 3491 687 3543 herede
708 3490 814 3541 demum
832 3491 888 3542 fieri
906 3495 1011 3557 poterat
1029 3494 1061 3543 11.
1080 3489 1125 3544 34.
1144 3492 1178 3541 D.
1199 3491 1245 3543 cit.

182 3559 210 3629 1)
230 3562 364 3628 Exempla
382 3564 530 3614 referuntur
543 3563 572 3613 in
588 3565 619 3614 11.
639 3559 683 3614 18.
702 3561 810 3621 5211.
829 3561 872 3613 28.
891 3564 924 3612 D.
945 3564 971 3613 h.
992 3569 1011 3614 t.
1032 3563 1124 3616 Mortis
1140 3577 1224 3614 eausa
1244 3563 1357 3616 nenena

148 3650 211 3688 sero
229 3649 285 3685 non
303 3634 382 3686 adest
397 3635 425 3685 in
442 3636 532 3701 specle
552 3637 582 3684 11.
602 3633 644 3687 31.
664 3633 687 3693 §-
706 3632 732 3685 3.
751 3636 784 3684 D.
806 3631 849 3697 39,
868 3631 885 3685 5
903 3631 950 3699 (de
972 3629 1094 3700 donat),
1121 3649 1179 3702 quse
1198 3650 1236 3685 ex
1252 3635 1356 3690 inveni-

148 3713 190 3759 tur
207 3707 234 3756 in
253 3705 313 3763 liat.
333 3706 397 3756 iuris
414 3722 479 3758 rom.
498 3709 592 3770 fragm.
612 3705 634 3765 ἓ.
653 3703 714 3758 257.
824 3730 826 3736 ’

181 3773 210 3839 2)
230 3776 348 3827 Iulianus
367 3781 393 3826 et
413 3776 545 3844 Ulpianus
563 3778 592 3828 in
609 3778 640 3827 11.
662 3773 703 3829 17.
722 3773 765 3828 37.
783 3792 822 3841 pr.
840 3776 873 3826 D.
892 3775 953 3838 eod.
973 3776 1006 3826 11.
1023 3775 1048 3826 1.
1068 3774 1091 3835 5.
1112 3775 1136 3828 1.
1153 3777 1187 3828 D.
1206 3775 1254 3841 38,
1272 3774 1290 3829 5
1307 3773 1357 3842 (de

150 3847 230 3900 bonis
250 3843 348 3912 libert.)
369 3851 396 3897 et
414 3849 577 3915 Pomponius
596 3864 648 3901 sec.
667 3849 728 3899 Vat
747 3849 815 3912 frag.
835 3845 858 3907 ἓ.
874 3843 934 3898 258.

184 3916 212 3982 3)
232 3917 312 3968 Forte
333 3917 434 3969 Paulus
452 3920 480 3970 in
499 3921 531 3970 11.
549 3916 592 3970 35.
610 3920 633 3979 ἓ.
652 3917 678 3970 4.
701 3920 734 3969 Ι).
755 3920 782 3969 h.
800 3924 818 3969 t.

183 3986 211 4056 4)
231 3988 260 4040 (7.
279 3986 304 4040 4.
325 3988 354 4039 (l.
374 3989 400 4038 h.
419 3994 438 4040 t.
457 3990 528 4040 etin
548 3989 571 4048 §-
592 3989 606 4041 1
625 3992 653 4042 in
670 3989 741 4042 med.
760 3990 781 4041 Ι.
801 3990 827 4040 h.
846 3993 864 4041 t.
890 3989 997 4056 Repetit
1014 3988 1067 4039 hoo
1084 3988 1112 4039 in
1131 3987 1200 4041 Nor.
1218 3984 1265 4041 87.
1283 3992 1353 4058 praet.

150 4061 339 4115 Constantinus
358 4060 438 4110 etiam
456 4077 490 4111 m.
503 4078 526 4112 c.
549 4061 639 4113 donat.
660 4064 726 4113 actis
742 4060 931 4113 insinuandam
948 4076 1016 4124 esse,
1035 4059 1217 4112 constituerat.
1238 4078 1267 4115 o.
1281 4062 1306 4115 1.
1325 4062 1353 4114 0.

149 4135 200 4185 Th.
219 4134 246 4182 h.
267 4138 285 4183 t.
322 4131 391 4180 Earn
415 4133 559 4184 novissimo
585 4149 693 4201 quoque
717 4133 776 4183 iure
802 4133 911 4200 antiquo
930 4147 1003 4184 more
1021 4131 1077 4182 fieri
1094 4146 1191 4196 posse:
1215 4133 1354 4187 novissimi

150 4205 214 4258 iuris
229 4205 385 4270 interpretes
407 4202 512 4266 docent,
529 4208 559 4255 ut
576 4221 599 4256 o.
623 4203 770 4270 Voayerow
789 4201 813 4262 ἓ.
834 4201 895 4255 563.
1003 4210 1006 4214 ’

182 4273 209 4340 5)
231 4276 274 4326 Fr.
296 4271 340 4326 25.
356 4277 381 4338 3.
402 4272 426 4324 1.
444 4276 478 4326 D.
497 4276 523 4326 h.
544 4281 563 4327 t.
582 4277 614 4326 11.
632 4272 657 4325 7.
677 4276 700 4334 1.
718 4271 744 4326 4.
763 4271 788 4326 5.
806 4276 840 4325 D.
858 4273 901 4336 39,
918 4271 937 4326 5
955 4269 1003 4340 (de
1023 4267 1137 4336 donst).

183 4343 210 4410 6)
229 4347 271 4396 Fr.
291 4342 334 4397 18.
354 4343 420 4404 12.
441 4348 473 4397 11.
494 4343 537 4398 28.
557 4345 579 4404 ἓ.
599 4344 642 4398 34.
661 4343 704 4397 35.
723 4346 749 4397 b.
768 4349 787 4397 t.
823 4347 916 4398 Potest
934 4348 961 4398 et
979 4359 1071 4397 servus
1083 4343 1177 4396 mortis
1195 4358 1281 4398 censs
1298 4357 1353 4397 111·

149 4416 254 4468 nnmitti
271 4419 303 4468 11.
323 4413 365 4468 15.
381 4417 415 4468 D.
433 4415 478 4482 40,
499 4415 513 4467 1
534 4411 771 4482 (1111111111).
913 4424 917 4431 “

185 4483 213 4550 7)
231 4487 274 4539 Fr.
294 4485 337 4540 23.
353 4483 397 4540 44.
414 4489 449 4541 D.
466 4489 493 4541 b.
514 4493 533 4541 t.
568 4488 644 4541 Idem
664 4493 690 4541 et
706 4488 735 4542 in
751 4487 848 4556 legatis
865 4487 995 4550 obtinere,
1013 4498 1083 4552 sepe
1100 4484 1227 4541 diximus.
