2804 4966
567 287 650 355 arran
663 316 704 358 ιιι,
728 315 787 357 cnr.
799 316 829 356 rr.
1089 308 1093 313 '
1239 306 1292 361 299

126 448 319 525 Quibusdam
341 447 596 527 stipulationibus
620 447 715 510 tacite
745 445 943 509 conditiones
972 449 1098 525 insunt,
1132 450 1230 511 veluti
1264 453 1290 512 si

79 554 155 633 quis
178 551 283 613 dotem
306 550 467 631 promisit:
489 567 558 614 nem
581 551 704 629 nuptiis
725 549 844 610 secuhs
868 553 984 610 tantum
1007 551 1207 612 committitur
1230 552 1291 613 sti-

77 653 213 735 pulatio,
235 650 347 713 ilsdem
366 667 429 712 non
454 651 573 711 secutis
597 650 762 711 evanescit
775 648 815 734 1).

124 757 156 834 ᾖ.
169 751 242 817 799.
287 751 318 815 si
340 752 382 812 ita
405 750 574 830 stipulatus
590 748 694 825 fuero,
716 751 742 810 si
762 750 794 810 ln
813 747 1000 829 Capitolium
1014 766 1077 812 non
1093 751 1288 829 ascenderis,

79 853 135 915 vel
158 851 279 932 aliquid
301 868 365 912 non
387 848 521 926 leceris,
551 855 616 911 tum
638 849 760 911 demum
782 851 985 912 committitur
1009 851 1187 930 stipulatio,
1218 871 1288 917 cum

79 958 204 1015 certum
226 968 297 1014 csse
319 951 461 1029 coeperit,
485 954 514 1011 te
541 949 728 1031 Capitolium
749 949 945 1012 adscendere
969 950 1022 1012 vel
1044 951 1076 1014 id
1098 952 1204 1015 lacere
1225 972 1287 1017 non

79 1069 180 1134 posse
196 1051 236 1138 ²).
793 1050 796 1057 '

10 1232 14 1237 .
124 1157 155 1235 ξ.
168 1152 239 1217 793.
283 1151 358 1214 Item
376 1150 519 1225 illudvel
540 1150 618 1214 illud
633 1152 777 1232 stipulari
792 1169 970 1232 possumus,
993 1153 1091 1215 veluti
1103 1154 1211 1217 decem
1230 1173 1290 1217 au-

78 1271 156 1322 reos
171 1253 225 1315 vel
237 1254 391 1316 hominem
401 1251 550 1315 Stichum.
571 1251 732 1314 Eiusmodi
745 1252 908 1334 obligatio,
925 1272 965 1317 ex
978 1272 1038 1334 qua
1054 1255 1124 1317 duae
1136 1255 1287 1338 pluresve

78 1377 136 1423 res
159 1356 348 1420 coniunctim
362 1355 530 1431 debentur,
553 1355 590 1416 ab
614 1355 775 1417 hodiernis
789 1355 980 1416 alternative
1001 1356 1154 1440 obligatio
1177 1359 1289 1439 appel-

79 1462 167 1525 latur
178 1459 216 1546 ³).
261 1459 317 1520 Est
340 1476 375 1519 ea
388 1456 441 1519 vel
464 1462 549 1518 certa
572 1454 625 1517 vel
646 1457 786 1518 incerta:
812 1463 909 1534 certa,
929 1461 957 1519 si
971 1457 1138 1537 stipulator
1152 1460 1288 1521 electio-

76 1565 153 1626 irem
175 1560 237 1622 sibi
260 1559 468 1633 constituerit,
494 1557 594 1618 veluti
618 1558 645 1618 si
659 1556 797 1619 Stichum
811 1558 862 1619 vel
876 1557 1080 1638 Pamphilum,
1103 1576 1196 1638 quem
1219 1560 1287 1640 ipsc

78 1663 232 1745 elegerit,
254 1661 422 1742 stipulatus
443 1661 502 1722 sit:
528 1661 582 1740 qui
598 1660 658 1721 sibi
671 1659 858 1722 electionem
871 1678 933 1722 non
948 1661 1120 1740 constituit,
1133 1661 1286 1722 incertum

78 1763 269 1844 stipulatur:
293 1781 363 1824 nam
383 1766 415 1824 in
438 1760 591 1824 eiusmodi
613 1778 691 1822 casu
713 1761 829 1822 electio
852 1762 1052 1841 promissoris
1066 1766 1126 1836 est,
1149 1762 1199 1822 cui
1215 1779 1287 1822 mu-

78 1871 152 1928 tare
175 1864 366 1927 voluntatem
386 1863 479 1926 licet:
510 1861 612 1925 donec
633 1861 763 1924 alteram
785 1880 852 1923 rem
875 1861 1000 1923 dederit
1010 1859 1051 1943 ⁴).
1096 1860 1137 1921 At
1160 1863 1187 1921 si
1215 1861 1286 1940 quis

77 1965 164 2030 illud
188 1965 240 2027 rel
261 1964 339 2027 illud
361 1962 530 2042 stipulatus
545 1964 596 2039 sit,
620 1963 768 2042 totquasi
781 1961 994 2041 obligationes
1007 1966 1090 2037 sunt,
1114 1967 1191 2040 quot
1212 1979 1288 2023 cor-

79 2086 183 2149 pora:
205 2084 273 2128 nam
296 2066 324 2127 si
347 2065 445 2127 altera
468 2083 520 2126 res
545 2083 584 2137 px
607 2082 796 2146 quacunque
817 2081 910 2127 causa
934 2065 1002 2127 dari
1025 2084 1088 2128 non
1101 2071 1215 2147 potest,
1238 2066 1288 2129 al-

80 2174 155 2231 tera
178 2167 380 2229 nihilominus
403 2165 536 2227 debetur
548 2166 589 2250 ⁵).

192 2354 260 2406 TIT.
284 2355 318 2406 11.
354 2355 404 2407 DE
425 2352 637 2406 INUTILIBUS
660 2353 987 2408 STIPULA'I'IONIBUS
1008 2355 1180 2420 ALIISQUE

411 2440 625 2495 INU'PILIBUS
645 2442 922 2495 CONTRAOTIBUS
937 2440 966 2509 ⁶).

125 2579 156 2657 ξ.
170 2575 240 2641 794.
283 2575 352 2638 Non
364 2591 472 2637 omnes
484 2575 707 2656 stIpulationcs
721 2577 790 2637 iure
803 2577 920 2652 valent,
944 2576 1084 2656 quaedam
1108 2581 1189 2640 enim
1212 2582 1286 2640 inu-

77 2677 158 2740 tiles
177 2681 260 2753 sunt,
286 2681 339 2738 aut
363 2675 446 2757 quod
469 2677 502 2737 in
525 2676 623 2738 forma
650 2692 756 2737 earurn
781 2676 899 2756 aliquid
916 2676 1030 2753 deficit,
1054 2683 1107 2738 aut
1125 2680 1208 2757 quod
1226 2698 1286 2741 nc-

77 2778 233 2840 cessarlae
255 2777 496 2864 conyentionum
518 2776 715 2839 conditiones
738 2776 863 2843 desunt.

126 2881 158 2960 ξ.
175 2877 244 2943 795.
288 2877 357 2938 Non
387 2876 488 2939 solum
517 2877 617 2958 igitur
646 2876 808 2957 stipulatio
838 2876 957 2938 inutilis
983 2882 1049 2951 est,
1080 2878 1106 2938 si
1142 2877 1211 2957 quis
1247 2877 1287 2938 ad

78 2997 132 3054 ea,
158 2993 228 3056 quae
259 2979 474 3059 interrogatus
497 2983 583 3053 erat,
609 2995 672 3038 non
701 2994 843 3059 congrue
876 2977 1077 3058 responderlt
1097 2977 1143 3063 Il:
1176 2994 1286 3039 verum

79 3081 187 3157 etiam,
212 3094 281 3158 quae
306 3095 375 3140 eum
398 3083 484 3140 muto
505 3079 556 3140 vel
573 3077 670 3141 surdo
686 3078 767 3140 lacta
784 3096 856 3140 esse
873 3078 994 3140 dicatur
1012 3078 1184 3158 stipulatIo.
1209 3080 1285 3142 Nam

38 3231 43 3237 .
79 3184 204 3241 mutum
227 3185 280 3240 aut
303 3178 431 3241 surdum
457 3197 561 3259 neque
582 3180 726 3259 stipulari
747 3197 852 3260 neque
873 3181 1055 3260 promittere
1076 3198 1172 3260 posse
1186 3181 1287 3261 pelam

81 3285 147 3358 est,
171 3280 243 3359 quia
266 3279 322 3342 ille
346 3280 443 3342 verba
468 3280 649 3360 stipulantis
667 3286 719 3342 aut
740 3281 949 3360 promittentis
972 3279 1079 3343 dicere
1094 3298 1155 3343 non
1172 3287 1286 3362 potest,

80 3381 137 3444 hic
162 3398 197 3442 ea
219 3380 370 3443 exaudire
391 3381 561 3462 impeditur
575 3380 615 3468 ⁸).
1365 3450 1368 3457 ,

128 3483 161 3564 ξ.
177 3481 248 3545 796.
291 3481 488 3544 Necessariae
510 3483 644 3543 omnium
669 3485 885 3542 contractuum
906 3478 1080 3541 aliarumve
1098 3480 1287 3541 conventio-

80 3599 159 3644 num
180 3582 377 3646 conditioncs
390 3583 438 3645 hae
459 3587 542 3659 sunt,
565 3587 599 3643 ut
621 3581 659 3644 ab
680 3581 718 3643 iis
739 3583 903 3657 ineantur,
928 3580 983 3660 qui
1005 3579 1192 3643 contrahere
1208 3596 1284 3660 pos-

120 3789 149 3858 1)
167 3791 210 3842 Fr.
229 3789 255 3842 4.
275 3790 299 3851 ἐ.
318 3792 342 3844 2.
363 3793 396 3844 D.
416 3788 495 3856 2,14
515 3787 684 3858 (depactis).
785 3787 813 3857 2)
831 3793 874 3842 Fr.
894 3789 953 3842 115.
973 3791 996 3851 §.
1014 3792 1039 3845 1.
1059 3793 1091 3842 D.
1111 3793 1138 3843 h.
1158 3797 1176 3841 t.

121 3862 150 3930 3)
169 3864 327 3917 Aoouratius
348 3862 383 3914 do
401 3865 454 3914 hac
470 3862 775 3928 obligationediaputari
795 3865 1009 3917 anommmcrb
1025 3863 1076 3916 tt.
1091 3882 1117 3931 p.
1129 3859 1188 3917 179.
1201 3860 1287 3914 --187.

83 3937 159 3988 conl.
179 3953 202 3986 c.
227 3933 386 4002 Vonpcrow,
408 3935 507 3986 chrt.
529 3935 612 3985 t.111.
632 3933 654 3992 ἓ.
675 3931 735 3985 569.

121 3997 437 4071 4)r1.76.106.138.
458 4004 482 4064 §-
504 4003 528 4055 1.
548 4007 582 4056 D.
603 4005 630 4055 h.
648 4010 667 4056 t.
856 4036 866 4050 .-

121 4074 152 4143 5)
168 4076 211 4127 Fr.
229 4075 272 4128 16.
290 4095 330 4144 pr.
347 4079 380 4127 D.
402 4076 430 4127 h.
449 4081 468 4126 t.
489 4078 520 4126 fr.
535 4073 578 4126 72.
597 4073 621 4135 ἐ.
643 4072 669 4126 4.
688 4077 722 4126 D.
740 4071 785 4138 46,
803 4073 819 4126 3
839 4071 886 4139 (de
905 4073 1005 4142 solut).

120 4145 152 4214 6)
169 4148 191 4198 1.
207 4146 234 4210 3,
253 4145 295 4200 19.
314 4150 341 4198 h.
356 4153 374 4198 t.
395 4149 428 4198 D.
445 4143 490 4210 45,
510 4146 526 4198 1
544 4143 592 4211 (de
606 4146 639 4196 V.
659 4142 741 4212 obl).
761 4170 794 4181 -
813 4145 917 4198 Titulos
937 4151 1001 4201 Inst.
1012 4147 1089 4197 XVII
1114 4141 1160 4210 (da
1178 4145 1287 4209 stipula-

82 4220 161 4274 tione
178 4215 326 4283 serrorum)
344 4223 372 4270 et
388 4218 479 4268 XVIII
508 4215 555 4282 (de
581 4218 709 4270 divisione
733 4217 943 4286 stipulationum)
972 4219 1074 4271 silentio
1099 4216 1286 4283 praeterimus:

83 4307 149 4345 cum
169 4290 258 4343 facilis
276 4291 329 4342 sint
345 4290 576 4356 interpretationis.
596 4291 635 4340 alr
648 4289 824 4354 Ducoerrop,
846 4287 994 4345 Institutas
1016 4289 1049 4341 dc
1065 4289 1206 4341 Jaattnien
1220 4303 1286 4341 nou·

82 4365 234 4418 estiennot
253 4361 409 4485 occgliqutcr
427 4365 446 4411 t.
465 4359 490 4412 3.
509 4362 536 4411 h.
554 4365 572 4411 t.

121 4428 152 4497 r)
171 4432 197 4494 a.
216 4429 242 4485 5.
262 4432 277 4485 1
324 4432 390 4483 I.'h.
409 4435 428 4483 i.
453 4431 512 4483 oar.
532 4426 557 4482 a:
577 4430 600 4490 s.
621 4427 682 4482 102.

121 4500 153 4571 a)
170 4505 215 4557 rx.
234 4503 260 4558 1.
276 4521 315 4574 pr.
335 4506 369 4554 o.
389 4503 419 4555 n.
434 4505 453 4553 t.
472 4502 495 4564 t·
514 4498 538 4554 r.
556 4502 578 4554 1.
600 4501 626 4552 a.
645 4505 663 4553 t.
685 4499 746 4554 ear.
764 4499 789 4552 a.
807 4498 831 4561 a.
850 4497 909 4553 1os.
