2804 4966
576 316 657 355 narn
667 317 708 358 ur.
723 316 780 358 cnr.
791 315 829 359 rr.
1257 311 1309 364 263

95 448 259 513 mandanti
282 450 423 511 rationes
444 447 590 524 reddere,
616 447 647 509 id
671 447 754 528 quod
777 465 817 509 ex
843 462 936 509 causa
956 447 1091 510 mandati
1115 455 1308 530 comparavit

97 567 168 613 oum
192 549 353 612 fructibus
377 554 408 609 et
429 550 513 610 omni
537 565 630 611 eausa
655 551 835 625 restituere,
859 550 1063 628 actionesque
1087 552 1257 629 acquisitas
1279 555 1308 614 ei

98 652 235 726 cedere3
271 650 386 731 quodsi
409 665 526 712 morum
550 649 627 712 iecit
645 655 831 731 procurator
856 651 888 711 in
917 650 1061 728 pecuniis
1090 651 1308 727 restituendis,

100 752 151 815 vel
175 752 203 813 si
224 753 259 813 in
281 767 361 813 usus
383 767 459 812 suos
480 767 534 812 eas
551 751 717 826 convertit,
743 762 856 812 usuras
879 767 949 810 eum
965 755 1116 830 prestare
1132 757 1256 830 oportet
1269 754 1307 838 1).

139 857 171 935 ξ.
186 851 262 917 926.
308 851 458 913 Mandane
482 855 587 913 autem
609 852 765 930 impensas
789 866 829 912 ex
851 864 945 912 causa
968 849 1103 911 mandati
1119 863 1136 911 a
1152 866 1308 930 procura·

103 958 165 1013 tore
198 953 301 1015 saetas
325 954 516 1029 restituere,
545 953 628 1014 bunc
650 952 686 1013 ab
710 949 955 1032 obligationibus
978 968 1035 1031 pro
1060 952 1129 1030 ipso
1150 955 1307 1033 susceptis

104 1052 238 1115 liberare
263 1059 297 1116 et
319 1070 413 1116 omne
432 1053 463 1115 id
491 1053 576 1133 quod
597 1057 727 1133 propter
747 1053 846 1132 ipsius
870 1051 992 1132 culpam
1016 1053 1045 1113 ci
1068 1052 1174 1126 abest,
1198 1066 1307 1115 resar-

104 1153 166 1213 cire
187 1152 286 1216 debet
297 1155 337 1241 ²).
382 1153 481 1217 Casus
498 1154 619 1217 fortuiti
633 1160 745 1228 tamen,
772 1169 851 1232 quos
866 1154 1033 1214 occasione
1047 1152 1180 1215 mandati
1195 1165 1307 1234 passus

105 1258 158 1329 ast,
171 1271 190 1315 a
202 1255 374 1318 mandante
386 1273 448 1318 non
462 1260 668 1335 praestantur3
694 1254 836 1333 quamvis
851 1251 881 1314 id
894 1255 1035 1333 equitas
1049 1255 1307 1333 quemadmodum

105 1356 132 1416 in
154 1355 325 1434 socictate,
349 1356 513 1437 postulare
535 1354 733 1438 videatur⁸).

140 1457 172 1537 ξ.
189 1453 267 1520 927.
312 1456 490 1518 Mandatum
512 1457 605 1516 tacite
627 1453 841 1528 contrabitur3
865 1472 936 1519 nam
958 1459 1083 1537 quoties
1106 1459 1220 1541 aliquis
1245 1480 1309 1526 non

105 1553 262 1634 probibet,
289 1553 384 1616 alium
406 1571 465 1635 pro
485 1573 522 1617 sc
542 1554 747 1630 intervenire,
772 1553 917 1616 mandare
937 1556 1063 1618 videtur
1071 1576 1080 1632 3
1112 1567 1165 1621 aut
1188 1563 1214 1623 si
1237 1563 1309 1641 quis

106 1654 335 1736 obligationem
358 1655 396 1716 ab
420 1656 482 1717 alio
505 1673 563 1735 pro
583 1672 620 1716 sc
643 1660 820 1733 susceptam
843 1661 940 1716 ratam
964 1656 1161 1745 habuerit4).

139 1759 170 1837 ξ.
184 1754 263 1818 928.
310 1753 453 1817 Solvitur
464 1755 639 1817 mandatum
661 1759 760 1816 morte
784 1757 863 1830 eius,
888 1759 939 1816 cui
961 1758 1135 1820 mandatum
1162 1767 1219 1836 est,
1244 1764 1309 1824 siis

104 1857 229 1938 integro
254 1855 361 1918 adbuc
384 1856 526 1918 mandato
548 1855 733 1931 decesserit,
755 1860 786 1916 et
809 1856 848 1916 ob
874 1855 905 1917 id
927 1856 1021 1918 beros
1046 1860 1131 1934 eius,
1154 1859 1229 1922 licet
1250 1880 1310 1923 ex-

105 1961 232 2020 secutus
258 1954 357 2017 fucrit
374 1955 561 2032 mandatum,
584 1955 716 2017 alterum
734 1956 794 2016 sibi
809 1970 871 2017 nan
885 1956 979 2017 babet
992 1957 1186 2020 adstrictum.
1212 1960 1309 2024 Aliud

105 2056 291 2131 dicendum,
323 2057 352 2116 si
384 2062 539 2135 susceptae
568 2075 584 2118 a
616 2056 763 2118 defuncto
794 2055 979 2137 obligationi
1007 2058 1214 2136 satisfecerit,
1249 2080 1310 2124 ve-

105 2157 155 2219 luti
171 2158 200 2219 si
225 2157 325 2219 heres
348 2155 528 2219 fideiussori
539 2156 673 2218 solverit
686 2156 724 2245 ⁵).
768 2155 919 2219 Similiter
943 2159 1117 2220 mandatum
1134 2162 1308 2242 reintegra

106 2262 200 2320 morte
233 2257 355 2319 domini
376 2256 493 2318 finitur.
538 2257 570 2320 si
596 2261 696 2318 tamen
721 2275 779 2337 per
804 2258 1014 2338 ignorantiam
1035 2258 1200 2339 impletur,
1232 2264 1310 2325 utile

107 2363 159 2434 est,
184 2357 275 2437 quod
299 2357 424 2439 geritur
435 2357 474 2444 ⁶).
518 2356 550 2419 Si
573 2358 643 2435 quis
672 2359 771 2438 igitur
792 2356 926 2418 debitori
949 2376 1008 2420 suo
1030 2359 1245 2438 mandaverit,
1276 2368 1311 2424 ut

108 2457 182 2521 Titio
205 2456 364 2532 solveret,
388 2463 420 2518 et
444 2462 565 2518 mortuo
589 2475 644 2531 eo,
667 2468 736 2518 oum
757 2456 787 2518 id
812 2458 985 2537 ignorarit,
1010 2458 1158 2534 solverit3
1182 2459 1310 2524 liberari

108 2577 173 2620 eum
200 2558 383 2644 opertam).
428 2557 460 2620 Si
482 2557 643 2638 negotium
666 2556 728 2617 tale
752 2557 927 2619 mandatum
952 2561 1010 2635 sit,
1037 2563 1070 2618 ut
1093 2562 1216 2622 nonnisi
1238 2570 1310 2642 post

107 2665 237 2723 mortem
261 2656 437 2720 mandantis
458 2658 521 2734 fiat,
544 2663 644 2718 morte
666 2656 759 2718 buius
782 2657 958 2719 mandatum
979 2654 1045 2720 'non
1067 2659 1223 2746 finiturss').

143 2780 174 2858 ξ.
188 2774 265 2838 929.
291 2773 514 2856 Exstinguitur
527 2773 641 2836 deinde
659 2774 832 2836 mandatum
852 2775 937 2837 linita
950 2777 1123 2839 mandantis
1137 2777 1310 2854 voluntate3

105 2876 129 2935 si
160 2878 270 2935 tamen
301 2872 488 2952 procurator
520 2877 756 2935 revocationem
784 2870 954 2956 ignoranS,
988 2876 1124 2940 officium
1159 2878 1309 2959 explevit,

72 2960 73 2964 ¹
103 2973 243 3036 mandati
266 2973 420 3034 actionem
444 2972 556 3048 babet,
580 2973 606 3034 si
629 2973 741 3036 damno
766 2975 947 3038 afficeretur
960 2976 997 3065 9).
1043 2979 1131 3040 Alias
1155 2981 1254 3056 enim,
1284 2984 1311 3044 si

102 3074 236 3157 negotia
259 3078 375 3134 munta
399 3073 532 3135 alterius
563 3073 724 3136 voluntate
753 3077 870 3157 gessit,
900 3076 1019 3140 nullius
1049 3081 1194 3141 momenti
1226 3088 1309 3143 sunt.

102 3173 182 3238 item
207 3179 241 3236 et
262 3175 496 3237 renuntiatione
523 3175 659 3238 solvitur
681 3178 866 3240 mandatum.
909 3180 1102 3243 Renuntiarc
1123 3188 1312 3263 procurator

101 3276 146 3339 ita
167 3278 296 3356 potest,
322 3277 358 3334 ut
377 3275 536 3357 integrum
562 3277 611 3339 ius
637 3278 791 3340 mandanti
812 3286 1016 3357 reservetur,
1042 3280 1094 3342 vel
1118 3298 1234 3362 perse
1259 3285 1311 3345 vei

101 3395 165 3458 per
189 3375 288 3438 alium
312 3373 529 3438 condonarem
552 3376 727 3457 explicandi
742 3378 800 3465 ²⁰):
826 3379 985 3441 tenebitur
1008 3394 1088 3463 ergo
1109 3388 1309 3461 procurator,
1332 3412 1336 3421 ·

102 3479 133 3539 si
156 3493 217 3556 per
242 3474 385 3536 fraudem
406 3478 609 3538 renuntiavit.
655 3479 736 3541 Sane
758 3470 785 3540 si
810 3480 952 3542 adversae
974 3481 1164 3543 valetudinis
1187 3480 1238 3543 vel
1254 3501 1311 3544 ea-

568 3755 1125 3829 ·...10fr20.p....rfr45pr§51>.

537 3826 1127 3893 .....-9fr27§.......4fr45§151).

514 4110 741 4377 27991999.
760 4257 803 4312 19.
822 4258 845 4319 ἓ.
865 4257 889 4310 3.
908 4262 941 4311 D.
959 4258 1003 4324 39,
1023 4257 1040 4312 5
1058 4256 1104 4325 (de
1124 4261 1238 4327 donet).

609 4397 857 4458 ··§·91..eod
