2798 4972
130 304 165 360 18
450 317 651 361 rrsrisorsom
669 322 744 364 rsus
762 325 865 364 nourr
886 326 1008 369 narrum.

176 448 207 528 ξ.
223 445 277 512 58.
320 445 407 509 Libri
429 451 533 510 autem
554 448 731 529 utilissimi,
755 469 834 533 quos
856 454 897 518 de
919 458 988 519 iure
1012 461 1226 540 scripserunt,
1250 464 1332 527 varii

130 551 205 610 sunt
226 546 376 628 generis,
406 545 507 609 veluti
530 547 677 613 breviora
702 553 780 615 iuris
802 556 997 635 compendia,
1018 558 1252 638 institutiones,
1275 581 1332 627 re·

130 647 223 731 gule,
239 645 448 723 definitiones,
474 650 505 711 in
519 650 632 729 quibus
650 652 789 716 ordinem
804 656 954 736 imprimis
974 661 1139 736 miramon
1164 661 1218 726 vel
1235 661 1332 726 lucu-

130 749 284 812 lentiores
308 747 380 811 libri
402 750 481 811 iuris
504 750 619 827 civilis,
644 752 781 836 digesta,
804 762 857 817 aut
880 756 919 819 ad
940 757 1082 823 Edictum
1102 764 1332 838 commentarii,

128 855 191 911 turn
225 866 303 912 vero
327 854 358 912 et
381 868 619 930 responsorum,
641 855 857 937 epistolarum,
880 857 1077 923 decretorum
1098 861 1150 924 vol
1175 862 1331 925 lectorum

129 949 220 1027 libri,
240 950 378 1031 denique
401 951 593 1029 enchiridia,
626 954 804 1033 pandecte,
827 959 1052 1020 sententiarum
1075 977 1191 1043 opera,
1215 962 1270 1025 vel
1293 961 1332 1024 de

129 1051 233 1115 officio
259 1050 459 1135 singulorum
493 1053 733 1134 magistratuum
768 1056 958 1120 indicumve.
1007 1059 1111 1142 Leges
1145 1062 1331 1144 singulares

126 1170 274 1235 qnoque,
310 1151 363 1214 uel
384 1153 660 1216 senatusconsulta
683 1153 735 1216 vel
759 1156 853 1219 edicti
878 1161 1019 1240 perpetui
1043 1162 1142 1241 capita
1166 1180 1331 1227 commen-

124 1257 179 1317 tati
193 1263 277 1329 sunt,
302 1257 334 1316 ct
348 1250 388 1313 ad
402 1254 594 1316 anteriorum
610 1253 768 1319 clarorum
782 1257 970 1336 prudentum
992 1259 1092 1322 libros
1106 1267 1198 1326 notas
1213 1265 1330 1346 'scrip-

122 1357 232 1417 serunt
243 1355 282 1440 1).

166 1494 261 1579 §.bb
305 1493 340 1554 ln
361 1496 528 1556 sententiis
551 1497 618 1559 suis
641 1512 746 1578 saepe,
779 1504 815 1560 ut
844 1501 1031 1564 naturaliter
1061 1507 1186 1583 evenit,
1223 1509 1256 1569 in
1278 1507 1329 1570 di-

127 1612 237 1659 versas
259 1599 366 1675 partes
392 1591 534 1668 abibant3
558 1601 590 1657 et
610 1590 755 1659 narratur
780 1599 881 1675 nobis,
908 1599 945 1661 ab
959 1601 1097 1684 Augusti
1120 1607 1328 1688 temporibus,

123 1715 182 1779 per
205 1697 365 1778 integrum
393 1692 462 1757 fere
487 1695 647 1774 saeculum,
670 1697 748 1760 duas
773 1700 856 1760 inter
876 1716 912 1761 se
935 1700 1135 1765 adversarias
1161 1705 1328 1771 luriscon-

120 1796 275 1859 sultorum
297 1801 402 1858 sectas
426 1812 484 1856 seu
499 1795 624 1858 scholas
647 1799 819 1874 exstitisse,
842 1816 971 1879 quarum
994 1819 1072 1865 vero
1095 1803 1225 1870 diversa
1247 1810 1328 1871 ratio

120 1915 183 1960 non
206 1901 238 1959 et
258 1895 353 1958 bodie
374 1899 500 1958 omnino
523 1899 650 1979 cognita
673 1899 771 1988 θεῖ’).
859 1989 868 2017 κ

159 2041 190 2122 g.
207 2037 258 2105 60.
302 2015 423 2100 Primus
447 2043 478 2100 et
500 2037 727 2105 celeberrimus
750 2041 896 2118 omniurn,
922 2042 976 2120 qui
998 2043 1040 2104 ita
1063 2044 1146 2124 apud
1168 2044 1325 2111 Romanos

118 2142 197 2205 iuris
232 2144 331 2201 artam
361 2138 527 2219 professus
558 2145 623 2214 est,
657 2138 811 2203 Cicerone
840 2147 920 2203 teste
956 2142 1001 2222 (in
1021 2141 1120 2205 Bruto
1145 2163 1172 2206 c.
1193 2147 1249 2211 41.
1269 2146 1324 2232 42)

116 2241 210 2302 huius
230 2241 348 2301 amicus
361 2239 493 2302 Servius
508 2235 660 2318 Sulpitius
675 2246 753 2316 erat,
777 2242 922 2320 quivero
944 2240 1054 2320 plures
1078 2245 1219 2324 equales
1242 2264 1326 2328 prae-

118 2341 223 2403 claros
245 2340 447 2419 iurisperitus
470 2343 565 2417 atque
589 2339 762 2419 discipulos
781 2339 899 2402 habuit.
945 2340 1009 2403 Sub
1027 2343 1177 2426 Augusto
1193 2348 1325 2413 maxime

116 2440 262 2503 claruere
293 2438 427 2502 duarum
455 2436 634 2501 scholarum
658 2441 818 2522 principes
841 2442 923 2531 'Ant
944 2439 1061 2519 Labeo,
1085 2444 1136 2505 vir
1158 2447 1324 2519 maximus,

114 2547 147 2603 et
164 2541 278 2604 Ateius
291 2538 411 2620 Capito.
458 2539 677 2620 Sequebantur
699 2540 787 2603 illum
802 2539 919 2619 Nerva,
940 2541 1023 2604 hunc
1036 2543 1184 2622 Sabinus,
1208 2545 1323 2609 deinde

112 2639 267 2703 Proculus
293 2646 325 2702 et
348 2636 489 2715 Cassius,
512 2659 529 2702 a
553 2640 667 2719 quibus
690 2640 808 2703 scholae
832 2638 1053 2703 Cassianorum
1084 2650 1116 2705 et
1136 2643 1323 2707 Proculeia-

113 2759 225 2812 norum
248 2740 350 2817 dictae,
374 2742 427 2821 qui
450 2741 508 2802 sub
528 2739 705 2805 Domitiano
727 2740 893 2823 Pegasiani
918 2746 949 2802 et
971 2741 1131 2806 Sabiniani
1161 2746 1324 2808 vocaban-

112 2849 163 2905 tur
182 2843 257 2926 (nisi
278 2842 339 2903 boc
359 2858 473 2902 nomen
500 2840 581 2903 forte
604 2842 645 2902 sit
659 2839 854 2926 antiquius),
886 2857 956 2901 cunr
982 2840 1015 2900 in
1041 2838 1323 2907 Proculeianorum
1367 2858 1368 2863 ’

112 2943 214 3022 capite
227 2940 381 3027 Pegasus,
405 2943 437 3003 in
451 2939 670 3005 Cassianorum
692 2939 956 3004 coeliussabinus
981 2946 1101 3001 essent.
1124 2942 1192 3005 Nec
1212 2952 1323 3025 postea

112 3043 216 3104 statim
238 3040 419 3104 scholarum
443 3041 581 3102 intense
603 3040 773 3103 diversitas
797 3039 965 3102 evanuisse
979 3039 1118 3102 videtur.
1163 3042 1239 3106 Mox
1263 3046 1323 3106 im-

108 3143 218 3223 primis
237 3142 426 3206 claruerunt
451 3139 610 3217 lulianus,
647 3143 700 3221 qui
719 3139 855 3202 edictum
881 3140 1100 3217 composuisse
1123 3141 1243 3215 dicitur
1265 3143 1322 3208 sub

109 3232 290 3324 Hadriano,
316 3241 377 3303 hoc
400 3239 614 3320 approbante,
649 3246 713 3303 turn
735 3237 936 3317 Pomponius,
960 3235 1068 3313 Gaius,
1090 3240 1214 3320 aliique
1239 3247 1324 3306 inter

108 3358 189 3421 quos
221 3346 254 3403 et
275 3339 444 3403 Cornidius
468 3339 620 3417 Scaevola,
645 3337 787 3419 Septimii
810 3334 921 3398 severi
945 3333 1151 3413 lmperatoris
1176 3347 1209 3402 et
1233 3343 1324 3407 ccle-

106 3442 237 3505 berrimi
260 3441 422 3523 Papiniani
444 3441 524 3502 iuris
548 3445 736 3520 praeceptor.
790 3433 852 3496 Sub
874 3433 934 3492 hoc
966 3434 1160 3512 imperatore
1186 3443 1324 3523 eiusque

106 3543 348 3605 successoribus
373 3541 508 3604 omnium
521 3535 826 3601 lurisconsultorum
849 3530 1015 3593 clarissimi
1030 3535 1200 3616 ‚simulque
1222 3542 1325 3606 ultimi

105 3644 264 3720 vixerunt,
288 3643 486 3722 Papinianus,
512 3638 677 3719 Ulpianus,
700 3630 819 3696 Paulus
841 3635 873 3689 et
895 3627 1111 3710 Modestinus,
1143 3655 1162 3697 e
1185 3656 1326 3718 quorum

99 3741 191 3805 libris
213 3744 375 3805 maximam
398 3745 519 3822 partem
540 3740 573 3801 in
594 3733 761 3799 Iustiniani
786 3727 950 3790 Pandectis
972 3737 1100 3794 servata
1124 3740 1253 3802 aeterna
1289 3757 1326 3801 aa

102 3940 302 3952 ...-...-—-...

133 4058 162 4123 1)
181 4057 294 4113 Holta‘us
313 4055 336 4116 ἓ.
352 4048 504 4108 636-641.
887 4115 894 4130 .

81 4116 86 4127 .
135 4145 313 4212 2)1³0mp0n.
334 4139 411 4204 §.42
446 4132 641 4191 Tsoitdnnsl.
662 4127 710 4178 111.
724 4118 770 4174 75.
800 4117 1138 4202 suea,mnugustoc·64.
1177 4131 1233 4184 Dio
1247 4137 1328 4190 casa.

97 4216 169 4269 LIV.
191 4213 233 4266 15.
267 4201 615 4266 A.Gell.X111.12.13·
654 4196 772 4248 Hostius
793 4189 813 4238 l·
834 4201 873 4246 θη
897 4187 1036 4274 Dil'kulfs
1057 4193 1211 4280 ‘ny'tri'iw
1259 4209 1329 4259 Pro.

97 4287 264 4341 habilissime
283 4287 389 4337 videtur
408 4283 493 4334 celeb.
513 4271 670 4331 Senecam·
690 4262 792 4345 0ρὶῐίῙῇ
813 4258 864 4306 1¹⁸⁸
886 4261 1177 4318 ⁸0⁰¹⁸⁸m1111⁸11ur1s
1199 4275 1330 4344 scholas,

96 4359 125 4410 in
138 4357 250 4410 dirersis
268 4358 341 4408 urbis
354 4357 445 4404 Romae
463 4346 622 4416 regionibus
641 4337 707 4390 ellus
724 4335 820 4383 fuffi·
844 4325 869 4374 Ρ
867 4339 936 4390 01ῙὶΡ·
954 4326 974 4375 l·
986 4342 1008 4377 0·
1029 4327 1108 4386 547·
1140 4334 1218 4422 llllffd
1240 4348 1331 4400 etiam

96 4430 244 4482 cernimus:
262 4427 457 4479 Proculeianos
474 4419 563 4485 magle
579 4429 616 4466 ex
633 4409 741 4461 ratione
761 4397 828 4450 iurlt
845 4393 1023 4460 retp⁰¹¹d¹⁵⁸⁶2
1042 4398 1107 4451 dum
1118 4401 1272 4467 Sabmiani
1288 4420 1332 4484 id,

94 4499 168 4567 quod
186 4501 321 4563 receptum
341 4502 408 4559 erat,
428 4490 620 4562 sequebantur.
