2804 4966
484 292 565 331 ursan
586 293 615 335 rr.
636 292 702 330 raas
722 294 753 331 n.
773 292 831 331 ena.
851 293 870 331 1.
1219 282 1273 338 137

72 420 277 499 henduntur‚
309 419 366 485 sed
389 439 426 484 ea
448 426 590 499 tantum,
624 423 747 502 quein
770 422 839 485 eius
866 422 1052 503 patrimonio
1075 430 1183 504 erant,
1217 444 1276 488 nee

72 528 175 587 morte
197 524 267 586 eins
286 522 423 585 extincta
446 527 531 584 sunt.

117 643 148 723 g.
168 638 242 704 483.
284 637 449 701 Hereditas
471 645 525 701 aut
546 639 648 702 delata
672 639 788 702 dicitur
809 645 864 702 aut
885 641 1057 722 acquisita:
1086 641 1190 705 delata
1213 644 1274 705 he-

72 740 194 804 reditas
221 744 282 817 111,
306 755 397 820 quam
419 741 490 820 quis
507 739 652 803 adeundo
666 745 772 821 potest
784 743 937 822 consequi
949 743 992 828 1):
1015 743 1179 823 acquisita,
1205 759 1274 822 que

73 840 208 904 heredis
229 838 310 903 laeta
332 844 402 916 est,
429 841 451 901 i.
475 859 504 903 e.
527 858 597 921 que
618 843 649 903 in
674 841 801 904 heredis
823 843 1009 923 patrimonio
1032 860 1104 906 esse
1127 845 1273 931 coeptt²).

72 941 220 1005 Viventis
242 940 405 1013 hereditas
422 940 510 1003 nulla
533 941 635 1003 datur.
681 941 873 1016 Quibusdam
903 942 1073 1006 heredibus
1101 944 1274 1024 hereditas,

71 1045 145 1127 ipso
168 1047 326 1105 momento
348 1058 411 1123 quo
431 1039 584 1119 defertur,
607 1043 699 1105 etiam
722 1043 944 1129 acquiriturt).

114 1142 266 1205 Defertur
287 1146 391 1205 autem
413 1141 572 1204 hereditas
594 1161 635 1206 ex
656 1142 778 1205 duabus
802 1149 920 1206 tantum
942 1144 1059 1220 causis,
1081 1146 1102 1206 i.
1120 1164 1148 1209 e.
1173 1153 1274 1210 testa-

70 1252 180 1310 mento
200 1250 255 1309 aut
274 1243 368 1327 lege3
400 1249 554 1324 quatenus
576 1243 691 1325 aliquis
720 1250 872 1322 testatus,
895 1251 948 1307 aut
969 1247 1135 1310 intestatus
1158 1250 1274 1312 deces-

70 1348 165 1411 serit.
207 1346 247 1408 Et
264 1344 412 1427 quamdiu
443 1350 547 1426 potest
575 1363 615 1407 ex
643 1350 829 1409 testamento
859 1347 938 1409 adiri
961 1347 1131 1427 hereditas,
1155 1350 1193 1412 ab
1218 1353 1272 1413 in-

71 1452 190 1511 testato
213 1463 277 1510 uon
299 1444 442 1509 defertur
451 1445 492 1532 4).
537 1445 589 1508 lus
614 1463 773 1509 romanum
797 1447 879 1509 enim
903 1465 967 1510 non
991 1450 1117 1529 patitur,
1141 1451 1274 1514 eundem

71 1551 107 1613 in
128 1547 264 1631 paganis
292 1551 325 1609 et
354 1551 468 1609 testato
499 1552 531 1609 et
555 1547 704 1609 intestato
735 1542 932 1611 decessisse:
954 1566 1137 1630 earumque
1169 1558 1273 1614 rerum

72 1647 265 1712 naturaliter
284 1648 367 1709 inter
388 1664 424 1710 se
443 1664 549 1730 pugna
572 1653 638 1725 est,
667 1652 799 1711 testatus
821 1655 853 1710 et
876 1651 1054 1712 intestatus.
1099 1651 1192 1716 Solus
1213 1652 1275 1714 mi-

56 1751 123 1814 -les
148 1750 228 1813 iuris
250 1748 404 1821 hepelieio
426 1765 483 1828 pro
507 1752 596 1828 parte
620 1752 770 1826 testatus,
793 1767 850 1829 pro
872 1755 961 1829 parte
984 1751 1150 1815 intestatus
1174 1751 1272 1815 dece-

73 1853 156 1916 dere
178 1854 284 1932 potest
297 1849 338 1937 ⁶).

114 1972 147 2054 ξ.
159 1968 235 2034 484.
278 1966 372 2029 Paeto
396 1966 448 2028 vel
476 1965 680 2047 stipulatione
709 1965 867 2029 hereditas
896 1967 1014 2030 deterri
1041 1969 1168 2047 nequit:
1203 1969 1274 2032 talis

69 2071 157 2134 enim
178 2070 348 2132 conventio
371 2071 479 2130 eontra
496 2066 604 2131 honos
619 2084 723 2131 mores
739 2084 811 2130 esse
827 2068 977 2144 creditur,
1000 2086 1059 2130 neo
1080 2068 1274 2148 premittenti

67 2170 251 2234 libertatem
272 2169 450 2231 testamenti
474 2167 609 2230 faciendi
630 2167 734 2231 aufert
744 2167 784 2254 ὃ).
829 2168 968 2248 ideoque
991 2186 1051 2230 nee
1067 2167 1164 2231 dotali
1184 2174 1274 2248 pactu

67 2270 234 2335 hereditas
260 2268 356 2342 alteri
385 2269 513 2351 coniugi
540 2268 678 2349 relinqui
706 2273 809 2349 potest
823 2269 857 2350 l).
902 2268 989 2332 lnter
1016 2269 1130 2332 milites
1159 2274 1273 2346 tamen,

67 2376 198 2454 paetum
218 2374 252 2431 ut
269 2370 308 2447 is,
331 2370 386 2450 qui
408 2370 635 2451 supervixerit,
659 2369 789 2431 alterius
805 2371 901 2431 rebus
915 2372 1063 2451 potiatur,
1088 2369 1200 2432 ellieax
1214 2375 1273 2446 est,

71 2478 107 2537 et
130 2489 192 2554 pra
214 2476 400 2535 testamento
424 2470 613 2556 habetur8).
721 2515 726 2522 .

116 2571 212 2636 Pacta
224 2571 277 2663 ¹de
299 2570 403 2634 lutura
428 2572 602 2634 hereditate
625 2572 746 2649 aliena,
779 2573 854 2634 inita
877 2573 1006 2635 vivente
1029 2591 1085 2648 eo,
1117 2572 1155 2634 de
1185 2574 1274 2636 cuius

68 2672 254 2737 hereditate
274 2673 392 2755 agitur,
415 2671 533 2748 valent,
555 2672 583 2734 si
604 2673 656 2734 hic
672 2673 741 2752 ipse
767 2672 960 2734 voluntatem
986 2689 1074 2734 suam
1096 2674 1135 2733 iis
1148 2689 1275 2735 aecem·
1358 2747 1359 2751 Ἰ

66 2773 268 2851 modaverit‚
298 2779 330 2836 et
351 2774 382 2835 iu
405 2792 441 2835 ea
465 2789 569 2853 usque
599 2772 637 2835 ad
661 2778 834 2835 extremum
861 2775 933 2835 vite
956 2789 1021 2834 suae
1044 2773 1177 2852 spatium
1199 2790 1275 2853 per-

68 2873 276 2940 serenaverit
290 2872 330 2960 ⁹).
1332 2853 1337 2862 ’

111 2990 251 3076 9435-
274 2990 324 3053 Ab
360 2990 530 3052 heredibus
563 2989 712 3052 dillerunt
745 2982 889 3072 legatarii
922 2994 953 3050 et
984 2987 1275 3064 fideicommissarii,

69 3092 192 3176 quihus
213 3108 266 3155 res
288 3090 424 3174 singule
447 3110 464 3154 a
488 3090 637 3153 defuneto
666 3089 786 3153 relietae
808 3096 900 3151 sunt:
933 3090 965 3151 hi
995 3091 1077 3152 enim
1107 3105 1170 3151 non
1198 3089 1275 3149 iuris

67 3208 281 3258 successores
304 3190 477 3268 habentur,
506 3192 563 3253 sed
587 3208 649 3254 non
671 3191 774 3252 minus
798 3195 892 3271 atque
911 3192 952 3266 ii,
984 3191 1099 3271 quibus
1121 3207 1160 3251 ex
1181 3205 1275 3251 eausa

105 3467 136 3537 1)
156 3469 202 3520 Fr.
220 3464 281 3519 151.
299 3468 333 3517 D.
353 3462 449 3529 50,16
469 3462 517 3530 (11
535 3465 568 3516 V.
588 3462 638 3531 S.).

103 3541 135 3608 2)
154 3541 214 3592 An.
234 3539 268 3590 ir.
286 3533 313 3589 7.
331 3537 361 3590 0.
379 3535 405 3600 6,
423 3534 460 3588 30
478 3532 525 3600 (11
542 3537 600 3588 iura
620 3536 723 3603 delib.).
742 3538 775 3588 ir.
785 3534 846 3590 138.
858 3554 897 3604 pr.
915 3540 948 3590 D.
958 3536 1002 3604 50,
1022 3536 1056 3591 17
1075 3537 1123 3603 (11
1135 3553 1191 3608 reg.
1204 3535 1275 3603 iun).

64 3617 99 3668 fr.
117 3609 165 3666 54.
183 3612 219 3662 D.
237 3607 281 3673 29,
301 3608 318 3660 2
337 3607 462 3676 (deasq.
482 3608 527 3658 rel
548 3609 631 3659 amitt.
651 3604 763 3672 harad).

103 3683 122 3738 3
155 3683 201 3734 Fr.
222 3676 265 3732 14.
281 3681 316 3732 D.
334 3677 378 3743 38,
399 3678 433 3730 16
454 3675 501 3744 (de
519 3680 574 3731 suis
592 3683 618 3731 et
637 3677 782 3746 legitimis).

102 3755 121 3810 4
152 3748 381 3817 11317111.
407 3752 441 3801 D.
460 3748 538 3821 232
564 3748 613 3815 (tta.
635 3753 699 3813 eitl.
726 3749 820 3804 1189.
849 3752 882 3804 D.
903 3749 953 3817 51),
981 3748 1014 3802 17
1047 3749 1098 3817 (tit.
1117 3748 1182 3817 sih).
1207 3770 1230 3805 e.
1250 3753 1274 3806 8.

66 3831 99 3884 (1.
117 3826 146 3891 6,
165 3823 201 3880 59
217 3822 381 3890 (eommunia
401 3821 435 3873 11
455 3821 669 3887 samosatenis).

103 3896 134 3964 5)
155 3895 318 3962 Pomponius
338 3893 365 3944 ln
382 3893 414 3943 fr.
431 3889 456 3944 7.
475 3895 508 3944 D.
528 3889 571 3956 50,
591 3890 634 3945 17.
670 3894 736 3945 Hae
752 3894 815 3947 iuris
836 3895 939 3959 regula,
956 3910 1014 3962 qua
1031 3893 1153 3960 impedit,
1174 3895 1275 3962 quomi-

64 3986 120 4024 nus
140 3967 247 4036 eliquia,
264 3963 479 4018 testamentarius
496 3965 577 4016 simul
589 3970 615 4018 et
632 3966 765 4031 legitimos
783 3964 897 4018 heredes
917 3966 1017 4017 hebeat
1035 3982 1071 4017 ex
1089 3967 1179 4016 striata
1195 3967 1275 4017 inter-

64 4039 221 4110 pretatione
244 4038 312 4104 legis
330 4036 383 4088 xil
401 4035 497 4086 Tabai.
522 4041 580 4087 orta
599 4053 659 4089 esse
675 4037 795 4100 videtur,
821 4052 880 4105 quae
905 4036 941 4087 11
965 4038 1149 4089 intestatorum
1172 4042 1275 4088 tantum

64 4114 143 4175 bpns
160 4110 294 4177 legtsmos
312 4107 428 4160 hersdss
444 4107 568 4159 vooabat.

101 4180 134 4248 6)
153 4182 199 4233 Fr.
217 4178 261 4233 61.
285 4181 319 4230 D.
336 4176 416 4243 45,1
442 4177 490 4244 (11
508 4177 541 4228 V.
560 4175 614 4244 0.).
644 4195 667 4230 a.
687 4174 729 4230 15.
755 4178 783 4229 G.
805 4176 868 4242 2,3
892 4178 940 4245 (11
959 4174 1066 4246 pestis).
1090 4181 1121 4229 fr.
1140 4176 1201 4231 3.4
1225 4176 1273 4245 (ds

63 4248 233 4391 ὴτῖῗιὸιὲᾗ
253 4322 284 4375 0.
302 4317 328 4384 5,
349 4317 385 4372 14
402 4317 451 4384 (11
468 4323 538 4386 pest.
563 4318 659 4385 coum).
679 4336 701 4370 a.
722 4317 748 4371 4.
768 4320 798 4372 0.
817 4317 842 4383 8,
861 4319 896 4374 39
918 4319 964 4384 (de
980 4319 1044 4370 inut.
1063 4316 1145 4386 stip).

100 4394 132 4462 8)
153 4395 184 4449 0.
208 4393 250 4447 13.
269 4392 298 4445 0.
317 4390 343 4455 2,
360 4390 378 4443 3
398 4388 567 4457 (depastis).
587 4405 642 4457 arg.
663 4390 683 4442 1.
703 4389 745 4444 15.
765 4392 793 4444 0.
813 4390 838 4455 6,
856 4390 888 4444 31
911 4389 958 4456 (ds
977 4394 1035 4442 test.
1057 4389 1124 4458 mil.)

101 4468 133 4535 9)
156 4464 299 4521 Constituit
316 4464 373 4515 hasa
390 4460 553 4515 lastinianus
570 4461 599 4512 ln
618 4459 701 4515 130.
722 4464 751 4518 0.
771 4463 796 4528 2,
816 4460 833 4514 3
854 4457 985 4530 (iltuit).
