2804 4966
599 322 681 360 uren
691 322 733 361 m.
752 320 810 362 aar.
822 319 849 358 r.
1273 310 1327 366 267

426 455 495 513 uun.
514 455 548 556 tt
584 454 634 509 ou
650 453 776 509 raons
794 451 1035 520 ranuoauso.

162 596 198 676 ξ.
211 591 285 658 942.
330 589 433 667 Pacta,
456 607 495 652 ox
509 588 623 670 quibus
636 586 753 650 Praetor
775 589 806 650 in
823 604 989 668 personam
1005 588 1159 649 actionem
1182 589 1245 666 nat,
1262 591 1327 652 baeo

119 698 221 758 aunt:
242 693 284 756 (lo
304 694 474 756 constituta
494 693 646 772 pecnnia,
669 690 709 754 de
733 690 938 754 iureiurando
969 695 1000 752 et
1024 690 1063 752 de
1086 691 1224 769 receptis
1246 707 1328 752 nuu-

120 799 229 858 tarurn
253 810 429 875 oauponnna
449 798 481 854 et
503 790 745 855 stabulariorum
760 792 801 879 ²).

166 894 286 976 §.Mb
328 894 453 958 Paetum
477 892 516 955 de
536 895 671 973 pecunia
693 895 860 954 constituta
873 892 900 976 8)
925 897 995 969 est,
1019 894 1045 955 oi
1064 894 1135 973 quis
1157 889 1243 953 nulla
1264 893 1326 953 ati-

123 993 294 1076 pulatioaa
315 995 513 1076 interposita,
538 992 596 1056 sed
617 991 699 1055 nuda
723 994 933 1056 conventione
954 998 1046 1055 cavet
1066 995 1126 1054 i.e.
1150 993 1325 1068 constituit,

122 1097 306 1161 soluturum
327 1111 374 1172 ae,
398 1094 481 1176 quod
503 1095 572 1174 ipae
596 1093 648 1155 vel
663 1093 746 1174 quod
770 1092 851 1155 alius
877 1093 1025 1179 debet⁴):
1049 1093 1148 1156 veluti
1169 1094 1197 1155 si
1219 1093 1325 1172 scrip-

123 1200 218 1276 serit,
238 1198 266 1261 oi
287 1196 363 1278 quid
386 1195 480 1259 alicui
503 1193 641 1257 debiturn
672 1195 875 1275 approbatum
899 1196 970 1271 erit,
997 1212 1032 1257 se
1056 1196 1085 1256 ei
1109 1199 1272 1256 cauturum
1295 1196 1326 1254 et

124 1297 359 1384 aolumrnmt).

170 1400 204 1481 ᾖ.
218 1396 290 1462 944.
333 1396 479 1460 Debitum
502 1415 542 1458 ax
564 1412 750 1477 quacunque
773 1412 865 1458 causa
889 1401 994 1476 potest
1017 1398 1164 1460 constitui
1187 1397 1208 1457 i.
1232 1413 1260 1457 e.
1287 1412 1327 1456 ex

124 1514 319 1579 quocunque
341 1502 520 1560 contractu:
556 1498 629 1560 item
652 1497 704 1560 vel
727 1501 836 1559 natura
860 1496 999 1561 debiturn
1023 1498 1140 1561 suffieit
1155 1498 1195 1584 ⁶).
1240 1495 1327 1558 Con-

124 1601 216 1662 stitui
245 1603 345 1660 autern
380 1597 501 1661 inutilis
525 1599 686 1679 stipulatio
717 1616 778 1660 non
801 1603 916 1678 polest,
942 1599 1014 1679 quia
1037 1616 1100 1661 non
1121 1600 1225 1660 anirno
1248 1615 1326 1678 pro—

125 1699 280 1762 mittentis
304 1699 504 1762 constituitur
513 1697 551 1783 ¹).
595 1696 687 1761 Paeto
718 1697 757 1760 de
784 1700 918 1778 pecunia
943 1700 1112 1762 constituta
1134 1717 1199 1761 non
1223 1716 1325 1760 nova-

124 1805 179 1863 tur
203 1797 373 1882 obligatio,
394 1797 452 1860 ned
472 1799 619 1879 pretoria
645 1797 798 1881 obligatio
822 1800 920 1879 priori
943 1798 1065 1861 accedit
1079 1799 1118 1885 8).
1164 1799 1271 1860 Potest
1293 1803 1326 1859 et

123 1898 212 1965 aliud
235 1916 294 1980 pro
316 1897 379 1961 alio
401 1900 551 1961 constitui
573 1897 685 1975 veluti,
709 1905 744 1960 ut
766 1902 820 1979 qui
834 1905 966 1984 loentum
989 1899 1112 1976 dobant,
1135 1898 1323 1960 frumentum

125 2000 270 2064 eiusdem
294 1999 387 2080 pretii
409 2000 578 2062 constituat
591 1999 627 2081 ⁹).

169 2101 231 2174 Qui
254 2100 429 2175 constituit,
450 2116 485 2160 se
507 2099 695 2178 soluturum,
721 2100 804 2180 quod
826 2100 907 2163 alius
920 2100 1024 2177 debet,
1049 2099 1249 2162 intercedere
1273 2100 1326 2160 vi-

126 2203 240 2269 nour:
268 2199 344 2263 inde
370 2199 519 2263 mulieres
543 2199 623 2264 SCto
652 2199 815 2264 Velleiano
839 2220 897 2283 pro
928 2201 998 2265 aliis
1025 2202 1219 2263 constituere
1243 2217 1322 2279 pro-

126 2303 280 2367 bibentur
294 2299 346 2388 ιο).

169 2408 200 2486 §-
215 2403 288 2470 945.
331 2402 363 2466 Si
393 2403 463 2481 quis
487 2401 656 2482 postulanti
676 2402 860 2495 adversario
882 2403 1104 2491 iuraverit11):
1135 2402 1243 2465 deberi
1264 2401 1325 2463 sibi

122 2505 302 2588 pecuniam,
324 2519 416 2582 quam
437 2507 578 2585 peteret,
602 2520 706 2583 neque
730 2505 759 2565 ei
780 2502 935 2580 solvatur,
958 2501 1076 2565 Praetor
1093 2505 1247 2565 actionem
1271 2503 1325 2563 iu-

123 2606 207 2669 ranti
232 2601 459 2679 accommodat,
480 2621 538 2685 per
560 2621 651 2684 quam
673 2621 736 2667 non
762 2603 840 2666 illud
863 2606 1031 2683 quaritur:
1061 2621 1099 2664 an
1133 2604 1161 2665 ei
1191 2603 1325 2682 pecunia

123 2704 297 2780 debeatur?
314 2702 372 2767 sed
394 2720 433 2767 an
447 2704 602 2767 iuraverit
611 2703 664 2790 ¹²).
709 2703 768 2776 Qui
790 2703 902 2767 detulit
923 2704 1021 2785 igitur
1039 2701 1266 2777 iusiurandum,
1286 2720 1326 2764 ax

123 2811 215 2887 pacto
241 2803 411 2887 obligatur.
428 2804 525 2895 ⁸Quod
550 2822 589 2867 ex
606 2805 817 2867 conventione
839 2804 980 2866 defertur
1003 2805 1209 2866 iuramentum
1234 2810 1322 2867 extra

128 2907 299 2981 iudicium,
321 2904 436 2966 referri
459 2922 521 2966 non
545 2910 669 2985 potest,
703 2905 744 2965 ita
771 2911 805 2967 ut
827 2904 1029 2967 adversarius
1052 2905 1158 2966 iurare
1180 2910 1325 2988 cogatur.

129 3005 188 3071 Sed
201 3004 377 3069 in'iudioio
398 3003 534 3068 delatum
556 3010 609 3068 aut
631 3004 796 3068 iurandum
818 3010 866 3066 ost
887 3011 941 3067 aut
953 3004 1154 3067 referendum
1169 3005 1219 3092 ¹³).
1249 3005 1325 3069 lnde

129 3104 332 3172 iuaiuranli
357 3105 527 3170 voluntarii
550 3110 582 3168 et
603 3106 777 3167 necessarii
798 3105 970 3168 distinctio.
1015 3105 1071 3167 Est
1085 3105 1146 3168 boo
1161 3107 1326 3168 iusiuran-

160 3344 172 3396 1
209 3342 354 3412 Sequimur
372 3345 513 3397 Buebbola
530 3347 548 3396 l.
568 3361 591 3396 o.
609 3363 634 3412 p.
654 3344 714 3399 281.
734 3362 787 3415 seq.
827 3344 929 3414 Mayna
946 3346 985 3407 55.
1003 3345 1162 3399 ata-333.

161 3413 175 3466 2
207 3415 236 3468 Si
259 3415 415 3484 hypetaon
432 3416 575 3471 oomtitutn
594 3418 627 3470 ult
645 3433 682 3469 οι
698 3423 788 3485 paeto,
806 3419 911 3470 nonnisi
927 3419 955 3469 in
974 3419 1117 3470 romantio
1137 3418 1273 3484 oompatlt,
1291 3417 1324 3469 de

135 3487 247 3548 prooarlo
266 3485 454 3551 interdiotum3
481 3492 507 3541 et
525 3489 570 3556 qui
588 3489 726 3541 arbitrium
743 3494 914 3556 receperunt,
939 3491 1001 3543 lioet
1029 3505 1046 3540 a
1061 3492 1176 3540 Pratora
1202 3490 1263 3555 oogi
1283 3503 1324 3539 ao·

132 3551 205 3622 leant,
225 3561 255 3608 ut
272 3559 431 3610 sententiam
450 3559 547 3622 dieant,
566 3561 670 3613 actione
688 3565 781 3613 tamen
796 3576 815 3611 a
826 3562 1099 3628 eompromittantibus
1116 3561 1251 3613 oonroniri
1269 3575 1323 3611 non

128 3621 242 3686 nabunt.
281 3629 350 3683 Nam
370 3631 472 3687 :uota
490 3635 593 3685 tantum
612 3632 729 3685 nobraari
747 3632 840 3686 nolant.
860 3633 903 3683 Fr.
924 3631 967 3685 32.
986 3630 1064 3692 212.
1083 3628 1152 3696 [ll.
1173 3631 1189 3683 8
1208 3629 1256 3698 (da
1276 3645 1318 3681 ra·

127 3701 216 3767 opita.
235 3699 282 3768 qul
299 3701 436 3756 arbitrium
452 3701 561 3768 recep).
598 3705 742 3757 Buebbola
759 3721 786 3770 p.
805 3700 963 3755 aot-288.

155 3766 185 3836 3)
208 3769 239 3820 1).
260 3769 303 3835 13,
320 3770 345 3823 5.
365 3772 393 3824 O.
410 3771 437 3836 4,
458 3769 493 3823 18
515 3772 562 3840 (de
579 3775 696 3839 peounia
715 3771 877 3839 eonstituto).
900 3772 924 3834 ἓ.
944 3774 969 3826 9.
986 3775 1008 3826 1.
1025 3771 1051 3836 4,
1067 3771 1084 3824 6
1106 3771 1155 3838 (da
1174 3772 1295 3839 aetion).

115 3840 326 3979 (d4lvl’ogt3nh
344 3859 393 3910 pro
411 3845 483 3897 omni
501 3861 530 3896 ra
550 3845 641 3896 debita
660 3845 795 3912 aooipitur.
832 3845 875 3897 Fr.
895 3843 919 3897 5.
938 3864 977 3913 pr.
996 3848 1026 3896 fr.
1038 3840 1097 3897 178.
1107 3845 1167 3898 222.
1189 3843 1273 3908 Mt),
1288 3842 1322 3896 16

153 3929 171 3966 ο
219 3950 226 3963 .
269 3950 296 3965 ..

153 3981 184 4049 5)
204 3983 250 4035 Fr.
269 3983 293 4036 5.
315 3982 338 4044 ἓ.
356 3982 443 4037 3.-6.
463 3982 493 4037 D,
513 3988 539 4038 h.
557 3992 575 4037 t.
595 3986 657 4037 Aba
675 3987 800 4053 exempla
818 3987 846 4036 in
864 3988 894 4038 fr.
915 3984 1036 4039 24.-26.
1057 3984 1088 4037 D.
1108 3986 1134 4037 h.
1153 3992 1172 4038 t.
1192 3984 1324 4037 Hodierna

101 4037 208 4111 <lobia
218 4059 328 4123 propn'a'
343 4061 369 4111 at
389 4057 470 4110 debiti
489 4061 577 4110 olima·
591 4058 761 4111 constitutum
782 4058 955 4123 distinguunt.

155 4121 185 4191 6)
207 4126 251 4176 Pa.
271 4127 295 4180 1.
317 4128 339 4188 ξ.
358 4124 383 4178 5.
402 4126 427 4180 8.
447 4124 477 4179 Ι).
497 4129 524 4180 h.
544 4134 562 4179 t.
670 4125 698 4194 7)
717 4129 760 4179 Fr.
781 4127 804 4178 1.
825 4130 847 4188 ἓ.
866 4127 892 4179 4.
911 4129 971 4182 eod.

155 4196 186 4262 8)
208 4196 252 4248 Fr.
271 4196 314 4251 28.
337 4195 366 4249 ὓ.
385 4199 450 4251 nt
550 4195 578 4264 9)
599 4201 642 4250 Fr.
665 4199 689 4251 1.
708 4199 730 4259 ἓ.
749 4197 767 4252 5
786 4198 826 4265 (h.
845 4197 885 4265 t).

121 4259 188 4334 10)
207 4268 253 4321 Fr.
270 4268 295 4326 1.
314 4269 338 4331 ὅ.
359 4268 383 4325 1.
405 4266 436 4325 u.
452 4270 479 4323 lu
499 4272 518 4323 t.
537 4271 608 4323 Vide
626 4287 708 4338 supra
724 4269 747 4330 §.
766 4268 826 4323 827.

120 4331 189 4394 11)
213 4336 243 4391 D.
262 4338 305 4406 12,
323 4341 341 4395 2
359 4338 407 4408 (da
421 4340 595 4396 iureiurando
615 4344 671 4395 aira
694 4343 845 4397 voluntario
868 4342 924 4396 alra
942 4335 1114 4403 naoeaonrio).
1142 4335 1170 4388 (t
1187 4332 1248 4400 4,1
1270 4334 1319 4402 (de

83 4401 181 4461 ¹⁴⁸1).
199 4411 272 4465 aad.
291 4417 319 4466 ot
337 4408 520 4477 dalmatae).

127 4477 188 4548 12)
209 4479 232 4541 2.
249 4479 292 4537 11.
311 4484 333 4536 1.
350 4484 377 4538 h.
395 4486 414 4535 t.
435 4481 482 4552 (de
500 4480 575 4552 aot).
588 4485 623 4538 fr.
639 4501 679 4550 pr.
700 4479 732 4535 1).
751 4484 778 4536 la
797 4489 817 4536 t.
917 4477 962 4546 13)
980 4478 1023 4531 Fr.
1044 4474 1088 4531 17.
1104 4494 1145 4543 pr.
1163 4473 1193 4528 D.
1212 4477 1276 4531 lut
