2804 4966
150 307 204 361 308
475 309 675 350 Illfl'll'l'll'thllBS
695 312 768 349 tuuis
787 311 892 351 Rolffl
914 312 1034 356 rntu'rt.

153 449 229 510 Nam
252 447 279 507 si
301 444 392 506 verbi
415 443 515 524 gratia
537 459 612 504 reus
637 440 710 503 dolo
731 440 812 504 malo
832 440 952 521 aliquid
975 447 1111 503 actorem
1134 440 1241 503 lacere
1263 439 1359 522 dicat,

153 551 206 629 qui
227 548 308 610 forte
330 545 494 625 pecuniam
518 545 607 622 petit,
632 559 722 622 quam
745 560 807 605 non
830 543 1016 618 numeravit,
1040 543 1087 604 sic
1109 543 1257 622 exceptio
1278 559 1358 604 con-

152 652 284 730 cipitur:
316 647 344 706 si
368 646 401 705 in
423 661 461 705 eo
482 662 518 704 re
540 643 709 705 dolomate
729 643 803 706 Acts·
823 644 928 722 Aperit
956 643 1074 723 foetam
1100 661 1161 704 non
1187 643 1230 703 sit
1258 659 1358 722 neque

108 814 110 818 ,
149 752 224 832 (iot3
248 753 321 812 item
345 750 372 809 si
396 748 517 808 dicatur
538 751 645 808 eontra
669 746 845 824 pactionem
867 746 1000 826 pecunia
1023 747 1097 824 peti,
1121 745 1162 806 ita
1180 745 1357 824 concipitur

153 853 318 932 exceptio:
341 849 369 910 si
390 848 473 909 inter
494 847 604 910 Aulum
625 846 772 925 Aperiunt
795 851 824 906 et
840 846 1015 908 Numerium
1032 844 1188 925 Ncpidium
1201 863 1264 907 non
1279 861 1357 906 oon-

152 954 253 1024 oem't,
283 969 321 1012 ne
343 967 379 1011 eu
400 949 535 1028 pecunia
555 953 732 1026 peraratum
767 953 799 1009 et
820 948 957 1029 denique
979 949 1011 1008 in
1033 948 1155 1009 caeteris
1178 948 1285 1008 causis
1309 949 1357 1008 si-

76 1124 78 1129 ,
154 1055 269 1116 militer
291 1054 413 1132 concipi
438 1051 538 1127 solet,
562 1049 634 1112 ideo
656 1048 796 1126 scilicet,
819 1051 891 1129 quia
914 1051 1014 1112 omnis
1038 1051 1182 1129 exceptio
1206 1049 1356 1111 obiicitur

152 1155 278 1235 quidem
300 1173 316 1215 a
337 1172 414 1228 reo,
438 1153 493 1215 sed
518 1153 559 1212 ita
583 1150 725 1213 lormulae
749 1152 916 1226 inseritur,
939 1155 975 1211 ut
996 1149 1239 1213 conditionalem
1261 1149 1356 1212 iaciat

152 1255 441 1320 condemnationem
462 1255 483 1314 i.
506 1271 534 1314 e.
559 1270 599 1313 ne
623 1251 716 1314 aliter
737 1251 833 1335 iudex
858 1269 938 1329 eum,
966 1269 1035 1313 oum
1052 1269 1114 1332 quo
1130 1252 1248 1334 agitur,
1274 1268 1356 1313 con-

154 1357 289 1430 demnet,
313 1355 452 1433 quamsi
474 1351 550 1414 nihil
574 1355 605 1413 in
628 1370 664 1413 ea
680 1371 727 1428 re,
751 1369 810 1431 qua
829 1351 867 1413 de
880 1346 996 1434 agitur,
1019 1350 1092 1414 ‹lolo
1106 1351 1223 1414 actoris
1239 1352 1355 1416 lactum

152 1458 209 1531 sit3
233 1457 307 1516 item
329 1472 370 1514 ue
394 1444 486 1515 aliter
511 1453 607 1514 iudex
632 1469 702 1514 cum
729 1451 924 1527 condemnet,
948 1469 1039 1532 quam
1054 1453 1080 1513 si
1095 1451 1215 1514 nullum
1230 1458 1355 1534 pactum

153 1560 343 1634 conventum
364 1555 403 1616 de
424 1572 486 1616 non
510 1554 643 1635 petenda
664 1555 798 1634 pecunia
821 1553 934 1617 sactum
958 1553 1102 1638 suertt1).

195 1663 225 1740 ξ.
240 1658 331 1722 1075.
377 1655 452 1728 Qua
475 1655 618 1718 lormulae
647 1673 710 1717 non
738 1654 844 1717 addita
871 1660 941 1718 erat
971 1655 1131 1734 exceptio,
1165 1654 1234 1715 eius
1257 1651 1356 1715 iudex

34 1784 38 1791 ·
153 1759 269 1821 nullam
298 1758 450 1819 rationem
475 1757 592 1818 habere
614 1759 726 1837 potuit.
771 1756 806 1817 ln
835 1755 912 1819 solis
936 1756 1026 1818 bonae
1048 1754 1121 1817 fidei
1142 1753 1289 1830 iudiciis,
1320 1757 1356 1814 ιιι

154 1879 248 1941 supra
273 1875 401 1938 quoque
424 1857 571 1934 vidimuS,
597 1859 806 1938 exceptiones.
823 1860 893 1936 ipso
916 1859 985 1918 iure
1008 1859 1132 1919 inerant
1153 1855 1333 1941 (§.1059.).

192 1966 222 2044 ξ.
236 1959 327 2024 1076.
371 1959 580 2040 Appellantur
602 1964 706 2021 autem
729 1959 932 2038 exceptiones
952 1958 1022 2022 aliae
1042 1963 1204 2039 perpetuae
1225 1963 1258 2019 et
1277 1976 1355 2039 per-

151 2061 321 2143 emptoriae,
345 2058 414 2122 aliae
436 2060 624 2139 temporales
647 2066 677 2122 et
700 2059 862 2122 dilatoriae.
906 2059 1069 2140 Perpetua
1088 2059 1355 2140 etperemptoriae

152 2168 236 2238 sunt,
260 2160 646 2242 quaescmperagentibus
670 2162 794 2223 obstant
817 2166 847 2221 et
861 2176 1074 2242 semperrem,
1098 2160 1138 2223 de
1157 2178 1219 2241 qua
1234 2162 1355 2243 agitur,

150 2265 325 2346 perimunt3
360 2261 462 2342 qualis
492 2267 541 2323 est
571 2264 715 2342 exceptio
746 2261 810 2324 doli
834 2260 924 2338 mali,
957 2267 990 2324 et
1019 2261 1103 2343 quod
1131 2267 1232 2325 metus
1256 2278 1355 2324 causa

151 2365 265 2428 lactum
288 2370 347 2438 est,
370 2367 506 2444 etpacti
528 2364 688 2439 conventi,
710 2381 779 2424 oum
801 2364 842 2424 ita
867 2365 1064 2439 convenerit,
1088 2381 1128 2424 ne
1145 2364 1273 2425 omnino
1291 2381 1355 2444 pe-

151 2467 242 2528 cunia
266 2469 438 2543 peteretur.
484 2464 684 2543 'temporales'
707 2469 800 2543 atquc
820 2462 974 2527 dilatoriae
988 2470 1072 2541 sunt,
1095 2481 1164 2544 quae
1176 2464 1214 2526 ad
1229 2469 1355 2544 tempus

150 2570 265 2627 nocent
287 2569 317 2625 et
338 2566 487 2644 temporis
511 2564 689 2627 dilationem
713 2565 874 2638 tribuunt3
898 2565 1000 2645 qualis
1022 2570 1071 2627 est
1090 2566 1172 2645 pacti
1189 2567 1354 2642 conventi,

151 2683 219 2728 cum
245 2666 286 2726 ita
308 2665 503 2741 convenerit,
528 2682 567 2726 ne
590 2665 670 2725 intra
693 2670 814 2727 certum
831 2671 952 2745 tempus
967 2672 1130 2748 ageretur,
1152 2665 1254 2728 veluti
1269 2669 1355 2730 intra

150 2766 397 2847 quinquennium
411 2765 446 2844 2).

193 2869 223 2948 ξ.
238 2866 330 2928 1077.
374 2865 584 2944 Exceptiones
605 2873 760 2947 preterea
780 2874 834 2929 aut
855 2885 1000 2948 personae
1022 2869 1199 2946 coherent,
1224 2874 1280 2932 aut
1304 2871 1357 2933 rei

151 2966 203 3028 vel
226 2967 380 3052 capsael).
425 2965 492 3028 lllae
513 2985 576 3029 non
599 2974 764 3030 transeunt
786 2969 824 3031 ad
847 2969 944 3045 alios;
982 2969 1082 3033 veluti
1108 2989 1157 3046 ea,
1179 2988 1273 3050 quarn
1296 2987 1357 3033 so-

151 3069 218 3129 cius
241 3066 388 3128 haletin
412 3066 454 3143 id,
470 3068 563 3146 quod
586 3068 692 3131 faeere
714 3072 825 3150 possit,
850 3070 902 3132 vel
925 3088 1039 3151 parens
1061 3072 1115 3134 vel
1136 3073 1278 3134 maritus.

192 3167 302 3246 ltaque
323 3186 381 3228 nec
403 3169 552 3247 competit
574 3168 771 3247 fideiussori,
804 3190 863 3234 nec
885 3173 988 3234 mariti
1011 3172 1178 3235 fideiussor
1201 3179 1274 3253 post
1294 3189 1357 3235 so-

151 3269 250 3330 lutum
280 3263 507 3329 matrimonium
531 3268 622 3331 datus
644 3273 675 3332 in
697 3271 834 3334 solidum
857 3272 938 3334 dotis
967 3275 1092 3335 nomine
1115 3273 1355 3336 condemnatur.

150 3369 208 3431 Rei
230 3375 332 3430 autem
357 3367 552 3431 coherentes
576 3374 778 3451 exceptiones
795 3374 885 3435 etiam
902 3372 1143 3436 fideiussoribus
1159 3377 1356 3454 competunt,

149 3477 183 3531 ut
203 3472 249 3532 rei
273 3470 427 3547 iudicatae,
451 3470 517 3533 doli
538 3472 620 3550 mali,
643 3475 721 3534 iuris
745 3474 880 3551 iurandi,
904 3474 988 3556 quod
1011 3481 1112 3536 metus
1129 3473 1356 3536 causalactum

150 3577 208 3635 est.
253 3570 355 3652 Igitur
376 3577 407 3632 et
429 3565 456 3633 si
477 3589 552 3638 reus
575 3579 686 3654 pactus
708 3575 748 3635 sit
770 3575 801 3636 in
822 3593 900 3652 rem,
924 3575 1099 3638 omnimodo
1124 3577 1274 3656 competit
1294 3593 1356 3636 ex-

62 3684 64 3688 ‘
152 3672 265 3763 ceptio¹
287 3670 477 3734 fideiussori.
522 3673 764 3737 Intercessionis
797 3693 924 3756 quoque
957 3676 1120 3756 exceptio,
1159 3675 1234 3738 item
1269 3673 1354 3755 quod

151 3772 305 3833 libertatis
327 3773 494 3836 onerandae
518 3792 611 3836 causa
631 3778 760 3856 petitur,
786 3779 877 3839 etiam
892 3776 1071 3859 fideiussori
1083 3779 1243 3857 competit.
1268 3776 1356 3839 ldem

153 3872 279 3947 dicitur,
305 3873 332 3933 si
354 3874 424 3952 quis
452 3877 604 3956 ignorans
619 3895 676 3957 pro
692 3877 893 3941 filiofamilias
914 3884 1023 3941 contra
1036 3877 1353 3941 Senatuseonsultum

151 3972 345 4035 lideiusserit
355 3980 408 4035 aut
420 3993 477 4055 pro
498 3979 620 4040 minore
643 3980 758 4062 viginti
779 3981 919 4062 quinque
935 3981 1035 4059 anniS,
1059 3980 1301 4061 circumscripto
1313 3979 1354 4066 ⁴).

148 4097 348 4112 —=————-

258 4191 292 4240 ai.
314 4187 338 4248 ἓ.
360 4187 419 4242 119.
438 4191 469 4241 ir.
489 4189 531 4244 22.
548 4210 588 4260 pr.
606 4195 640 4245 D.
659 4195 685 4246 h.
707 4200 726 4247 ι.

272 4258 378 4312 8.-10.
397 4262 419 4311 Ι.
442 4262 468 4313 h.
488 4267 507 4313 t.
528 4263 587 4315 Gai.
604 4263 631 4316 4.
653 4266 675 4326 ἓ.
696 4264 855 4320 120.-122.
1051 4296 1054 4301 ⁴
1116 4322 1120 4331 ,

251 4348 272 4383 r.
291 4328 316 4383 7.
336 4331 380 4389 19.
399 4335 433 4383 D.
451 4334 478 4384 h.
496 4340 514 4384 t.
535 4335 557 4394 §-
574 4333 600 4386 4.
620 4339 640 4389 L
661 4335 688 4401 4,
709 4336 744 4391 14
761 4335 809 4404 (da
827 4335 1043 4406 replicatione).

184 4398 214 4466 4)
234 4401 302 4453 Sunt
320 4404 403 4455 etiem
423 4406 613 4472 exceptiones,
634 4423 692 4476 quae
716 4415 746 4461 in
766 4426 825 4462 rem
842 4417 981 4476 vocantur,
998 4412 1064 4464 item
1081 4415 1112 4467 ιιι
1119 4417 1352 4484 sactomkexoep·

79 4493 85 4507 a
150 4471 250 4524 tiones..
282 4473 333 4527 on.
355 4476 387 4527 tr.
407 4473 431 4527 2.
451 4474 474 4535 §-
494 4476 519 4530 2.
540 4483 567 4532 ot
583 4477 605 4539 ἓ.
624 4476 649 4532 ὅ.
667 4481 702 4533 Ι).
720 4477 766 4546 44,
781 4480 808 4535 4.
854 4527 856 4530 ⁴

182 4176 212 4256 τι

182 4260 211 4394 ξι
