2804 4966
149 317 202 375 104
469 322 672 362 llissl‘l'uflolll!
695 321 769 360 111111
788 322 892 360 uoltu!
911 320 1031 359 rntvnrt.

192 457 306 542 §.3l0.
347 450 575 548 l'aterlamilias
598 450 757 531 peculium
782 468 844 513 non
869 455 978 532 potest
995 449 1123 528 babere,
1147 451 1346 532 quemadmo-

151 561 224 625 dum
245 576 305 622 nec
326 570 441 618 servus
464 553 544 615 bona
558 553 593 633 ¹).
1056 629 1060 640 .

101 656 108 681 '
194 664 224 744 ξ.
237 660 310 724 311.
356 657 414 717 Per
436 656 641 734 imperatores
662 653 795 732 primum
818 652 1020 715 constitutum
1041 651 1148 737 eset),
1184 657 1221 714 nt
1243 652 1284 715 de
1304 652 1347 729 iis,

150 779 220 842 quae
241 753 675 841 iiliilamiliarumoccasione
703 758 828 815 armatae
854 753 974 815 militie
996 754 1219 833 acquirerent,
1243 754 1346 816 testari

149 866 290 943 possent,
309 873 409 938 eaque
423 852 845 947 patrumfamiliaruminstar
867 854 1070 939 baberentt),
1093 854 1180 917 unde
1196 853 1261 917 boc
1282 871 1347 916 cas-

150 970 261 1026 trense
283 957 444 1041 peculium
465 957 504 1018 iis
530 955 693 1034 proprium
716 971 788 1016 essa
803 956 908 1035 coepit.
931 955 968 1023 ln
991 955 1145 1017 castrensi
1167 959 1275 1016 autem
1296 972 1348 1035 pe-

151 1063 237 1128 culio
261 1061 412 1136 babetur,
436 1056 521 1138 quod
551 1075 568 1118 a
594 1054 776 1136 parentibus
799 1055 851 1117 vel
875 1057 1019 1138 cognatis
1042 1057 1076 1118 in
1104 1052 1245 1116 militiam
1269 1055 1348 1116 eunti

151 1166 299 1228 donatum
324 1166 383 1236 est,
407 1164 438 1221 et
460 1175 550 1220 omne
576 1156 607 1218 id
632 1155 808 1236 quodipse
829 1155 1048 1220 filiusfamilias
1063 1157 1095 1217 in
1107 1138 1226 1217 militia
1242 1157 1348 1234 acqui-

151 1266 237 1340 sivit,
261 1262 345 1342 quod
369 1259 595 1338 acquisiturus,
615 1257 677 1319 nisi
698 1257 874 1334 militasset,
898 1274 960 1320 non
987 1257 1099 1320 luisset
1109 1257 1151 1344 ⁴).

192 1361 309 1446 §.372
352 1358 402 1423 Ad
430 1357 666 1420 similitudinem
685 1357 781 1421 buius
813 1357 949 1439 peculii,
972 1356 1219 1423 filiifamiliarnm
1243 1358 1350 1421 deinde

153 1468 186 1525 et
214 1463 303 1542 quasi
327 1465 490 1522 castrense
520 1457 676 1538 peculium
698 1457 816 1520 babere
836 1456 981 1521 solebant
992 1458 1032 1545 ⁶),
1054 1458 1138 1537 quod
1164 1457 1350 1542 consistebat

153 1562 186 1623 in
209 1561 317 1638 rebus,
341 1577 419 1640 quas
442 1559 495 1621 vel
516 1577 534 1620 a
555 1560 698 1639 principe
721 1557 773 1621 vel
795 1559 834 1621 ab
846 1559 991 1642 Augusta
1016 1559 1098 1621 dono
1116 1561 1349 1646 acceperuntil,

154 1660 206 1724 vel
232 1663 265 1723 in
286 1660 397 1735 bonis,
429 1676 468 1720 ex
497 1674 626 1719 munere
657 1658 709 1719 vel
741 1657 828 1720 civili
855 1660 907 1720 vel
931 1658 1149 1722 ecclesiastico
1170 1659 1316 1741 gerendo
1327 1660 1348 1746 ⁷)

103 1794 112 1803 ·
152 1760 328 1840 acquisitis.
382 1759 417 1821 ln
447 1757 497 1820 bis
520 1773 647 1836 quoque
675 1756 767 1818 bonis
789 1756 919 1819 liberam
942 1762 1003 1819 tam
1033 1758 1116 1819 inter
1139 1759 1233 1821 vivos
1264 1777 1349 1840 quan

153 1862 262 1938 mortis
286 1877 380 1923 causa
409 1858 644 1939 dispositionem
677 1856 985 1938 patrumfamiliarum
1005 1857 1043 1919 ad
1066 1858 1166 1920 instar
1188 1859 1349 1922 habebant.

195 1966 226 2045 ξ.
241 1961 313 2026 313.
357 1958 468 2021 Postea
502 1974 559 2037 per
588 1954 823 2019 Constantinum
858 1958 1071 2020 introductum
1103 1964 1171 2036 est,
1205 1966 1243 2023 ut
1275 1960 1349 2023 bona

156 2069 306 2139 materna,
330 2076 400 2140 quae
423 2058 497 2120 liliis
519 2058 728 2134 obvenirent,
753 2075 814 2119 non
836 2058 969 2139 amplius
988 2058 1129 2138 patribus
1152 2061 1350 2137 cederentur,

154 2165 209 2245 qui
240 2160 468 2224 usumfructum
499 2160 530 2220 in
559 2159 599 2220 iis
628 2164 766 2236 tantum,
802 2166 834 2222 et
860 2153 1161 2225 administrationem
1191 2163 1351 2239 baberent,

155 2265 300 2343 idemque
322 2262 372 2324 ius
394 2277 466 2323 mox
491 2259 529 2323 ad
543 2260 624 2322 bona
639 2263 769 2322 materni
782 2263 924 2343 generis,
949 2267 980 2325 et
1000 2261 1088 2325 lucra
1102 2264 1259 2344 nuptialia
1275 2263 1352 2326 libe·

152 2382 258 2430 rorum
285 2369 448 2426 extensum
471 2361 567 2447 estss).
597 2361 959 2443 iustinianus’denique,
983 2381 1052 2426 cum
1066 2364 1187 2440 veteris
1202 2365 1283 2427 iuris
1305 2384 1353 2428 ra·

154 2467 269 2527 tionem
292 2461 484 2543 temporibus
507 2462 573 2523 suis
596 2462 782 2524 contrariam
803 2468 962 2542 putasset,
985 2462 1180 2544 generaliter
1205 2468 1352 2529 sancivit:

153 2571 188 2626 ut
210 2565 242 2626 id
266 2570 394 2638 tantum,
419 2561 502 2641 quod
525 2560 724 2623 lrliolamilias
748 2579 787 2623 ex
801 2580 837 2624 re
850 2564 947 2642 patris
963 2562 1161 2642 obvenisset,
1183 2566 1355 2628 secundum

104 2684 105 2687 ’
155 2667 312 2744 antiquam
336 2663 599 2740 observationem,
622 2664 703 2743 patri
728 2665 889 2744 proprium
910 2665 1128 2743 permaneret,
1152 2669 1184 2727 et
1207 2667 1356 2730 adminis-

156 2764 283 2828 trationi
306 2763 360 2824 lilii
383 2762 579 2826 commissum
602 2767 698 2838 esset,
723 2762 806 2842 quod
822 2781 899 2826 vero
922 2781 962 2825 ex
982 2762 1042 2827 alia
1056 2780 1248 2847 quacunque
1268 2785 1356 2831 eausa

155 2862 373 2927 filiusfamilias
397 2863 457 2925 sibi
478 2862 711 2941 acquisivisset,
735 2863 828 2925 buius
849 2863 1049 2926 ususfructus
1075 2871 1106 2926 et
1127 2865 1354 2931 administratio

159 2965 286 3045 quidem
307 2963 404 3044 patris
430 2968 526 3038 esset,
549 2961 718 3024 dominium
739 2968 842 3025 autem
864 2962 945 3044 apud
969 2961 1065 3027 titium
1087 2965 1190 3044 ipsum
1212 2986 1353 3031 remanc-

156 3069 225 3139 ret;
248 3081 289 3125 ne
312 3062 395 3142 quod
420 3063 448 3124 ei
470 3064 537 3124 suis
560 3061 720 3125 laboribus
745 3062 797 3125 vel
820 3081 972 3145 prospera
998 3063 1122 3127 fortuna
1152 3068 1352 3142 accessisset,

48 3242 51 3250 .
81 3226 83 3230 Α
158 3165 272 3226 hocin
295 3163 390 3225 alium
411 3164 603 3243 proveniens
625 3164 653 3224 ei
676 3163 854 3226 luctuosum
877 3163 1116 3252 procederent).

190 3434 282 3501 llFr.
303 3432 363 3487 132.
385 3436 417 3486 D.
437 3432 648 3499 50,16(deV.
668 3432 717 3501 8.).

190 3505 218 3572 2)
238 3507 281 3556 Fr.
303 3506 344 3559 10.
370 3508 402 3557 D.
420 3504 465 3569 49,
484 3503 517 3558 17
536 3503 584 3571 (de
602 3511 667 3559 cest.
686 3503 765 3574 pec).
793 3525 832 3575 pr.
853 3509 873 3559 l.
892 3506 919 3573 2,
936 3505 972 3559 20
990 3476 1100 3577 (qulbus
1118 3525 1174 3562 non
1192 3515 1235 3564 est
1250 3512 1351 3579 permis

156 3593 214 3628 sum
234 3579 324 3629 fecere
342 3575 423 3644 test.)

191 3645 268 3712 3)(1.
288 3648 313 3700 3
333 3649 362 3700 (1.
381 3650 425 3711 12,
443 3647 476 3701 37
497 3647 542 3712 (tle
560 3652 625 3700 east
644 3664 701 3716 pec.
721 3646 856 3714 militum)
879 3650 910 3700 fr.
932 3647 955 3700 1.
977 3648 1000 3709 ἓ.
1018 3646 1044 3701 3.
1063 3651 1096 3702 fr.
1114 3649 1139 3703 2.
1160 3652 1194 3703 D.
1214 3650 1257 3717 14,
1278 3650 1349 3720 6(de

157 3719 227 3772 soso
246 3719 463 3783 Macedonicae).
1209 3762 1228 3782 ,

188 3788 217 3856 4)
236 3791 279 3841 Fr.
297 3790 340 3843 11.
360 3793 392 3842 D.
411 3790 455 3855 49,
475 3787 510 3842 17
529 3788 577 3856 (tit.
598 3788 660 3855 cit).
681 3807 703 3842 o.
724 3790 748 3843 1.
769 3792 797 3842 (1.
820 3790 863 3854 12,
881 3788 915 3842 37
938 3788 987 3857 (tit.
1007 3789 1071 3856 cit).

190 3858 260 3926 5)§
280 3861 304 3913 6.
327 3862 392 3926 12,
411 3863 444 3914 11
463 3861 514 3928 ⁴(de
532 3863 604 3913 milit.
624 3859 806 3928 testamento).

191 3931 267 3998 6)(1.
285 3930 311 3984 7.
332 3935 360 3984 (1
382 3898 409 3994 6,
427 3933 458 3985 61
480 3927 527 3997 (de
541 3934 628 3996 bonis,
649 3950 707 4002 quas
725 3934 841 3986 liberis
833 3950 861 3983 ιιι
880 3939 1013 3999 potestate
1030 3933 1113 4000 petris
1132 3936 1304 4002 constitutis).

191 4000 268 4069 tto.
288 4001 313 4055 7
333 4005 361 4057 0.
383 4005 408 4064 1,
426 4002 458 4056 51
479 4000 527 4068 (de
547 4005 734 4057 adsessoribus
759 4010 786 4057 et
808 4005 959 4057 domesticis
978 4011 1005 4056 st
1026 4007 1197 4059 cancellariis
1215 4002 1346 4073 iudicum)

155 4093 177 4126 c.
198 4073 224 4126 4.
246 4076 275 4128 (1.
294 4074 320 4139 2,
340 4072 420 4141 tide
439 4075 579 4126 advocatis
597 4075 649 4127 div.
669 4076 770 4139 iudio..)
791 4093 813 4127 c.
832 4077 856 4128 2.
877 4076 942 4139 (1.2,
962 4075 996 4128 29
1020 4073 1067 4142 (ds
1086 4077 1232 4144 privilegiis
1252 4095 1344 4138 eorum,

155 4148 242 4215 quiin
260 4163 336 4200 sacro
354 4147 455 4213 palutio
473 4146 613 4210 militant).
635 4164 712 4199 c..un
732 4149 761 4199 (1.
781 4145 824 4209 12,
842 4145 874 4199 31
895 4145 943 4213 (de
963 4149 1080 4199 omnium
1103 4149 1285 4215 palatinorum
1306 4165 1344 4217 pe

154 4215 246 4281 sulio).
265 4235 287 4269 c.
307 4216 351 4270 34.
371 4216 413 4270 60.
432 4218 460 4270 (1.
481 4217 505 4278 1,
524 4214 607 4283 3(de
627 4219 757 4285 episcopis
780 4223 806 4269 ei
824 4219 907 4283 o..ler)
928 4219 995 4270 Nov.
1006 4216 1064 4270 123.
1089 4218 1164 4272 619.
1182 4239 1224 4288 pr.
1243 4222 1264 4273 1.
1283 4217 1351 4285 2,12

157 4285 238 4355 (quib
257 4306 311 4340 ιιοιι
330 4294 370 4342 ost
386 4284 562 4356 permissum).

189 4355 217 4422 8)
237 4360 266 4410 0.
286 4361 310 4412 1.
328 4358 353 4412 2.
373 4358 398 4411 3.
418 4360 447 4413 0.
468 4359 484 4411 6
514 4358 548 4412 60
569 4355 615 4423 (de
633 4360 710 4412 bonis
730 4361 856 4412 maternis
874 4365 901 4412 et
923 4361 1035 4412 materni
1056 4360 1183 4427 generis).

191 4429 219 4492 9)
238 4429 305 4482 Sunt
322 4433 378 4483 tere
397 4430 531 4490 serbabi
552 4431 576 4482 2.
596 4430 616 4481 l.
639 4429 664 4482 2.
686 4429 761 4496 9(h.
780 4431 820 4495 t).
847 4447 869 4482 c
888 4428 913 4483 6
933 4431 958 4484 8
987 4433 1017 4484 (t
1035 4431 1114 4497 6,60
1139 4429 1186 4499 (ds
1203 4432 1362 4500 bonisquae

155 4501 247 4555 liberis
265 4502 294 4553 iu
311 4505 443 4569 potestate
462 4494 575 4567 coust).
