2804 4966
143 309 195 365 288
462 317 665 362 lnsrtrtlrlont
683 317 757 356 lours
778 317 881 355 nolani
900 318 1020 356 rnlvnrr.

143 448 247 510 alieno
267 447 391 508 nomine
412 444 523 521 debet,
549 449 622 506 item
645 445 768 524 potius,
802 445 885 526 qnod
909 463 978 508 cum
999 464 1109 527 poena,
1142 466 1236 528 quam
1259 449 1344 530 quod

142 549 212 609 sine
243 565 335 628 prena
362 545 496 608 debetur
525 544 577 608 vel
608 563 648 607 ex
669 546 785 608 lamosa
814 563 907 608 causa
935 546 986 608 vel
1015 549 1073 610 sub
1097 550 1290 633 pignoribus
1314 556 1345 613 et

146 650 353 730 hypothecis:
379 654 491 710 caetera
508 649 545 734 1).
1008 637 1023 652 “

187 750 322 832 §.1015
367 749 609 835 contransimol)
633 747 734 810 locum
755 748 865 823 babet,
897 750 924 810 si
947 749 1074 816 debitor
1102 751 1272 814 creditoris
1297 754 1344 814 sui

144 851 283 914 creditor
296 851 396 912 factus
416 851 504 929 petit,
530 855 564 910 ut
586 849 724 911 debitum
748 855 779 910 et
799 850 951 912 creditum
969 852 1051 912 inter
1076 868 1112 912 se
1135 852 1345 915 contribuan-

145 958 195 1013 tur
203 971 212 1026 ;
233 952 305 1032 quia
329 952 461 1012 interest
483 955 608 1025 nostra,
640 950 745 1029 potius
769 967 831 1011 non
854 949 982 1013 solvere
1013 969 1105 1032 quarn
1127 951 1267 1016 solutum
1289 973 1346 1017 re-

145 1055 251 1133 cipere
260 1071 269 1126 ;
302 1068 399 1131 quare
429 1052 460 1112 in
492 1049 606 1111 ellectu
628 1048 670 1111 nil
699 1049 783 1111 aliud
820 1056 868 1111 est
890 1055 1100 1131 compensatio
1123 1069 1215 1133 quam
1238 1058 1345 1115 mutua

146 1137 263 1217 solutio
277 1154 317 1240 ³).
554 1155 556 1159 ’
648 1227 652 1239 Ι

188 1253 324 1338 §.1016
369 1252 408 1312 Ut
439 1251 636 1331 compensari
665 1251 785 1330 possit,
821 1251 891 1312 duae
921 1252 1131 1333 obligationes
1155 1262 1347 1328 concurrant

148 1360 283 1436 oportet,
305 1356 336 1415 in
359 1352 473 1433 quibus
498 1368 562 1427 reS,
586 1369 666 1431 quae
688 1351 847 1431 pondere,
877 1370 1008 1414 numero
1037 1358 1068 1414 et
1090 1371 1243 1418 mensura·
1267 1375 1347 1420 eon-

154 1461 247 1531 stant,
271 1453 412 1516 eiusdem
442 1451 622 1532 qualitatis,
648 1457 700 1513 aut
729 1453 797 1514 aliae
820 1454 911 1515 etiam
933 1454 1073 1515 eiusdem
1099 1461 1219 1518 naturae
1238 1459 1347 1518 resin

147 1574 268 1638 genere
290 1556 429 1617 vicissim
453 1553 608 1616 debentur
618 1553 645 1634 4)
653 1572 662 1628 ;
686 1553 733 1614 bae
756 1553 965 1636 obligationes
978 1572 1064 1635 purae
1078 1561 1109 1616 et
1129 1556 1258 1637 liquide
1275 1576 1347 1621 esse

148 1656 279 1736 debent,
300 1674 359 1717 nec
380 1656 523 1730 interest,
556 1673 596 1715 ex
618 1672 678 1733 qua
702 1671 795 1716 causa
820 1656 978 1728 oriantur3
1011 1657 1102 1719 etiarn
1126 1655 1210 1736 quod
1234 1665 1346 1721 natura

148 1758 293 1832 debetur,
327 1758 414 1817 venit
435 1757 466 1817 in
491 1756 774 1835 compensationem
789 1754 827 1842 5).
880 1754 928 1816 Ex
958 1773 1052 1818 causa
1083 1757 1218 1837 depositi
1243 1762 1348 1821 tamen

151 1858 363 1939 compensatio
387 1856 454 1918 lieri
478 1874 539 1917 non
562 1860 667 1936 potest
683 1855 723 1941 6).
774 1853 850 1916 Cum
880 1861 987 1918 nostra
1012 1861 1128 1918 tanturn
1152 1857 1350 1940 obligatione

150 1976 354 2039 compensare
377 1957 468 2017 nobis
493 1954 586 2027 licct3
611 1954 747 2032 ideoque
770 1972 829 2015 nee
851 1960 935 2016 tutor
960 1972 1029 2016 cum
1052 1956 1165 2037 pupilli
1187 1977 1246 2021 nec
1270 1978 1351 2041 pro-

153 2065 281 2121 curator
304 2076 372 2120 curn
394 2056 568 2118 mandantis
591 2054 785 2136 obligatione
807 2054 839 2116 id
863 2060 985 2134 potest,
1010 2057 1071 2118 nisi
1097 2064 1285 2137 procurator
1309 2063 1352 2122 sit

148 2163 180 2222 in
200 2179 266 2221 rem
287 2177 396 2236 suam,
421 2159 471 2220 cui
496 2176 525 2216 v.
549 2176 576 2217 c.
600 2174 668 2217 cum
686 2157 817 2217 'actione
839 2156 900 2217 sibi
923 2173 1013 2218 cessa
1037 2175 1244 2238 compensare
1271 2177 1351 2239 pcr-

148 2263 279 2324 mittitur
292 2260 330 2348 ἵ).
384 2258 596 2320 Fideiussoris
629 2261 731 2316 tamen
754 2256 867 2318 electio
890 2261 956 2332 est,
988 2263 1091 2319 utrum
1116 2259 1201 2339 quod
1224 2261 1285 2322 sibi
1310 2281 1350 2323 an

150 2360 234 2441 quod
266 2379 322 2423 reo
353 2359 503 2434 debetur,
537 2374 743 2437 compensare
774 2356 869 2418 malit.
923 2357 954 2420 Si
985 2356 1047 2420 duo
1069 2360 1117 2421 rei
1145 2363 1352 2440 promittendi

152 2463 230 2523 socii
253 2466 344 2537 sunt,
371 2460 514 2541 proderit
545 2461 654 2535 alteri,
685 2459 769 2539 quod
803 2459 970 2540 stipulator
993 2461 1084 2524 alteri
1105 2481 1162 2526 reo
1184 2469 1356 2545 pecuniam

150 2565 296 2652 debetss).
387 2569 390 2575 '
652 2551 653 2555 ¹

194 2669 224 2749 ξ.
240 2666 330 2731 1017.
377 2664 595 2744 Compensatio
619 2663 791 2726 novissimo
813 2665 882 2724 iure
902 2663 933 2724 in
952 2664 1093 2725 omnibus
1107 2664 1356 2748 obligationibus

150 2770 220 2850 ipso
243 2769 313 2829 iure
335 2767 470 2840 obtinet3
497 2768 523 2828 si
546 2768 627 2828 enim
649 2770 783 2840 constat,
806 2765 970 2844 pecuniam
992 2766 1128 2829 invicem
1149 2766 1272 2844 deberi,
1295 2788 1356 2850 pe-

154 2875 240 2931 tente
255 2886 329 2943 reo,
346 2869 413 2947 ipso
428 2868 498 2928 iure
513 2883 571 2947 pro
596 2865 700 2928 solute
722 2866 1008 2945 compensationem
1034 2865 1143 2928 baberi
1166 2876 1294 2948 oportet
1315 2887 1357 2932 ex

154 2988 192 3033 co
216 2974 374 3048 tempore,
408 2985 447 3029 ex
470 2984 533 3046 quo
563 2967 600 3029 ab
624 2972 757 3044 utraque
783 2970 870 3044 parte
900 2964 1034 3027 debetur
1062 2966 1100 3028 ad
1126 2976 1356 3033 concurrentes

151 3070 351 3150 quantitates,
377 3069 509 3147 eiusque
528 3065 639 3142 solius,
663 3063 891 3145 quodamplius
905 3065 987 3144 apud
1009 3066 1142 3131 alterum
1164 3074 1224 3146 est,
1250 3087 1357 3133 usuroe

153 3168 359 3254 debellari).
391 3169 505 3247 Siquis
532 3184 736 3248 compensare
748 3173 871 3247 potens,
896 3166 1029 3230 solverit
1049 3171 1212 3252 ignorans,
1242 3171 1357 3233 condi-

155 3289 229 3334 cere
248 3271 375 3351 poterit,
398 3270 489 3348 quasi
511 3268 652 3331 indebito
677 3268 781 3330 soluto
795 3269 847 3353 ¹⁰).
892 3268 1097 3332 simeonem
1121 3271 1358 3352 compensatio-

156 3376 206 3436 nis
228 3375 324 3436 iudex
347 3373 593 3450 non'babuerit,
619 3373 705 3437 salva
729 3378 834 3436 manet
855 3373 974 3454 petitio.
1019 3373 1150 3437 sivero
1173 3369 1358 3451 reprobavit

153 3528 350 3542 ’.ιι-...-

190 3630 218 3697 1)
240 3632 293 3684 Dfr.
311 3633 342 3681 fr.
363 3627 450 3682 1.-5.
468 3647 508 3696 pr.
529 3629 552 3690 §-
573 3629 597 3681 2.
616 3631 648 3680 ir.
669 3625 694 3678 7.
719 3627 744 3680 8.
768 3624 799 3679 D.
821 3630 847 3680 h.
867 3635 884 3680 t.
904 3631 950 3680 eir.
969 3631 1043 3680 etit.
1065 3624 1107 3680 97.
1130 3624 1160 3678 D.
1179 3627 1241 3679 eod.

188 3701 216 3768 2)
237 3700 321 3769 0.,30.
341 3706 374 3752 et.
394 3699 437 3753 39.
455 3702 476 3751 Ι.
494 3700 521 3764 4,
540 3701 556 3752 6
577 3698 625 3766 (de
646 3699 768 3764 actioni.
790 3700 850 3752 (iai.
871 3700 917 3752 lV.
937 3698 1060 3752 61.-68.
1088 3699 1191 3751 Paulus
1203 3701 1238 3749 11.
1250 3696 1277 3751 5.
1297 3697 1320 3758 §-
1331 3697 1356 3750 3.

156 3772 215 3840 Dig.
236 3773 278 3836 16,
297 3773 322 3824 2.
354 3773 421 3824 eod.
439 3771 465 3836 4,
483 3771 516 3824 31
544 3769 590 3837 (dc
619 3766 804 3838 compensat).
853 3773 991 3838 Proprium
1017 3771 1243 3838 compensationis
1272 3786 1358 3838 genus

155 3848 219 3901 olim
238 3844 363 3896 deductio
382 3850 448 3907 erat,
469 3844 503 3896 de
521 3857 574 3911 qua
597 3843 680 3894 Gaius
699 3842 725 3894 4.
743 3841 767 3902 §-
787 3841 908 3896 6l.-68.

189 3915 217 3983 3)
238 3917 281 3967 Fr.
303 3913 389 3967 1.-3.
412 3913 442 3966 D.
462 3916 489 3965 h.
509 3921 526 3966 t.
544 3918 576 3966 fr.
594 3910 643 3964 76:
658 3912 688 3964 D.
707 3912 751 3978 50,
770 3913 802 3966 16
822 3911 869 3981 (da
888 3915 920 3965 V.
940 3911 988 3982 S.).

188 3986 218 4054 4)
238 3988 282 4038 Fr.
301 3985 344 4038 22.
364 3983 396 4037 D.
415 3987 441 4039 h.
460 3986 479 4037 t.
499 4004 521 4038 o.
532 3984 558 4038 4.
577 3982 602 4037 8.
624 3985 653 4037 0.
673 3985 734 4037 eod.

189 4057 217 4120 5)
235 4061 278 4110 Fr.
297 4059 322 4110 6.
341 4054 367 4107 7.
385 4076 425 4125 pr.
444 4060 475 4109 fr.
497 4056 539 4109 10.
559 4056 582 4117 ἓ.
601 4057 626 4110 1.
646 4056 671 4108 2.
689 4060 720 4108 fr.
740 4055 782 4108 16.
806 4056 829 4116 ἓ.
850 4056 874 4107 1.
897 4053 928 4107 D.
951 4058 978 4108 h.
997 4062 1016 4108 t.

191 4128 220 4197 6)
241 4131 269 4182 G.
289 4129 331 4182 11.
353 4129 382 4181 0.
401 4127 428 4193 4,
445 4125 481 4180 34
499 4127 644 4195 (depositi).
668 4127 742 4187 §.ab
761 4130 781 4179 1.
799 4127 826 4191 4,
844 4127 861 4180 6
882 4128 928 4188 (da
948 4122 1066 4192 actioni
1104 4127 1156 4178 cfr.
1178 4125 1212 4178 da
1229 4125 1274 4179 his
1290 4127 1358 4180 louis

160 4207 231 4255 recte
250 4201 432 4268 intelligendis
450 4218 473 4252 v.
497 4200 644 4266 Vonqerow
665 4199 687 4258 ἓ.
705 4199 766 4251 618.
787 4206 814 4251 et
834 4199 946 4261 Miller,
966 4198 1167 4253 Institutionum
1183 4215 1210 4265 p.
1233 4196 1297 4251 551.

189 4272 218 4340 7)
240 4269 577 4340 patripassiana.
600 4270 628 4322 D.
647 4272 674 4320 h.
693 4276 711 4321 t.

193 4341 221 4409 8)
240 4347 284 4396 Fr.
301 4342 327 4395 4.
347 4342 372 4397 5.
393 4341 425 4394 D.
444 4345 471 4394 h.
490 4349 508 4396 t.
527 4344 558 4393 fr.
581 4341 622 4394 10.
644 4340 674 4391 D.
694 4339 738 4404 45,
757 4340 774 4392 2
794 4339 841 4407 (dc
866 4342 947 4392 duob.
967 4339 1040 4409 reis).

191 4413 219 4480 9)
240 4417 268 4468 O.
286 4414 314 4478 4,
334 4412 376 4467 14.
393 4433 432 4483 pr.
452 4416 481 4467 0.
501 4416 528 4466 h.
544 4420 562 4465 t.
580 4413 604 4475 ἓ.
626 4412 708 4467 301.
728 4415 820 4466 citit.
841 4411 883 4465 11.
903 4409 935 4463 D.
954 4413 1017 4464 lnt.

175 4482 219 4549 10)
237 4487 281 4537 rr.
303 4484 345 4538 10.
365 4485 387 4546 s.
407 4488 431 4539 1.
453 4484 483 4536 n.
502 4487 529 4537 n.
548 4490 565 4537 t.
