2798 4972
131 277 184 333 158
458 288 661 328 rnsrrrurroxrs
681 287 756 325 runis
775 285 1018 325 normannum.

129 418 260 497 scriptis
283 415 410 492 testari,
443 421 538 495 atque
560 416 661 477 omnis
690 417 845 495 scriptura
876 415 928 477 vel
951 416 1019 479 sinc
1042 418 1109 482 ullo
1137 426 1221 485 teste
1247 423 1340 500 lacta,

129 536 191 599 qua
214 522 336 580 constat
359 516 465 579 militis
488 521 706 579 testamentum
730 516 897 591 contineri,
933 516 1019 580 firma
1055 524 1151 600 atque
1180 529 1251 586 rata
1279 530 1339 587 ast.

128 619 204 681 ltem
227 623 440 696 nuncupatum
462 616 514 678 vel
542 634 646 680 coram
667 616 790 678 duobus
816 615 1089 699 qualibuscunque
1103 624 1248 686 testibus
1260 626 1343 691 »iac-

127 727 191 783 tum
215 723 432 784 testamentum
455 716 590 779 militare
610 716 744 803 valet1).
797 715 888 790 Quod
917 716 1104 785 beneficium
1136 729 1262 804 tamen,
1300 734 1337 790 nt

128 819 263 884 militare
286 823 505 881 testamentum
527 817 594 880 sola
618 805 780 880 voluntate
802 818 1002 898 perficiatur,
1026 821 1064 884 iis
1086 828 1205 886 tantum
1228 826 1342 890 militi-

130 923 192 984 bus
215 938 401 984 concessum
426 926 485 997 est,
509 923 563 1000 qui
583 922 615 983 in
638 920 840 1001 expeditione
856 926 930 982 sunt
942 925 1099 1003 occupati,
1125 926 1178 988 vel
1202 928 1236 989 in
1262 945 1339 991 cas-

130 1023 186 1084 tris
215 1026 385 1083 versantur
397 1022 441 1108 2);
465 1040 534 1083 narn
557 1023 630 1083 siin
651 1020 780 1084 sedibus
796 1023 863 1083 suis
881 1025 1044 1086 constituti
1062 1032 1147 1103 sunt,
1171 1024 1226 1089 tali
1243 1027 1339 1092 modo

128 1124 168 1187 iis
190 1123 300 1184 testari
323 1140 384 1184 non
405 1120 536 1210 licet³);
554 1128 689 1184 attamen
712 1126 743 1183 et
767 1120 847 1183 illud
868 1123 1037 1187 admissum
1058 1132 1118 1203 est,
1143 1132 1179 1188 ut
1199 1129 1226 1189 si
1248 1129 1338 1191 mili-

130 1229 198 1286 tare
220 1222 273 1285 vel
300 1221 386 1285 aliud
408 1224 624 1304 imperfectum
648 1228 878 1300 testamentum,
902 1223 987 1304 quod
1009 1243 1070 1288 non
1093 1228 1238 1291 continet
1262 1229 1341 1293 vnl-

130 1326 219 1408 garia
231 1329 485 1386 testamentorum
497 1326 652 1402 solennia,
676 1325 819 1400 iecerint,
839 1324 935 1404 idque
952 1331 1061 1406 postea
1076 1327 1109 1388 in
1131 1328 1340 1408 expeditione

131 1424 185 1488 vel
209 1427 241 1487 in
264 1427 377 1488 castris
392 1443 519 1506 quoquo
540 1427 631 1490 modo
656 1426 941 1506 comprobaverint,
968 1426 999 1489 id
1027 1428 1118 1490 etiam
1133 1428 1256 1493 firmum
1283 1448 1342 1494 νε,

130 1524 292 1604 lidumqne
312 1525 426 1587 debeat
447 1526 567 1590 baberi.
610 1527 686 1589 ltern
708 1528 735 1589 si
748 1525 893 1590 conlecto
912 1528 944 1588 in
957 1527 1159 1607 expeditione
1183 1530 1238 1593 vel
1264 1549 1342 1595 cas-

131 1629 188 1689 tris
215 1628 343 1690 militari
366 1635 570 1706 testamento,
594 1632 676 1694 intra
696 1648 810 1692 annum
832 1628 921 1691 miles
946 1634 1116 1708 moriatur,
1150 1632 1182 1693 in
1206 1631 1340 1696 sedibus

131 1729 198 1792 suis
222 1727 275 1790 vel
296 1728 446 1793 missione
469 1730 601 1792 honesta
624 1732 805 1811 impetrata3
838 1734 986 1792 statutum
1010 1735 1078 1807 est,
1101 1730 1242 1794 validum
1265 1749 1340 1795 esse

128 1831 196 1892 eius
221 1835 438 1893 testamentum
452 1831 491 1918 4).
543 1831 698 1895 Caeterum
720 1833 788 1893 haec
813 1831 949 1893 testandi
968 1830 1171 1913 indulgentia
1197 1837 1230 1894 51
1261 1832 1334 1896 aliis

131 1933 288 2012 personis,
314 1948 475 2011 quaecum
498 1933 641 1995 exercitu
664 1938 753 2008 sunt,
783 1949 934 1995 concessa
966 1936 1015 1994 est
1045 1933 1141 1995 simul
1175 1939 1272 2014 atque
1305 1935 1337 1996 in

135 2032 281 2114 periculo
303 2040 468 2096 versantes
491 2033 702 2119 decedunt⁵).
738 2032 784 2095 De
807 2031 878 2095 aliis
898 2031 1041 2095 militaris
1065 2037 1245 2098 testamenti
1269 2037 1340 2117 pri-

132 2133 259 2216 vilegiis
284 2135 351 2195 suis
372 2133 450 2197 locis
472 2133 672 2214 dispiciemus
686 2133 725 2219 ⁶)

176 2239 206 2316 5
217 2234 289 2301 556
333 2234 409 2296 Ruri
438 2252 566 2314 quoque
589 2233 822 2310 habitantibus,
850 2233 905 2295 ubi
936 2251 1009 2296 raro
1032 2232 1165 2295 litterati
1190 2232 1335 2297 homines

132 2336 347 2412 inveniuntur,
371 2335 582 2422 beneficium'
574 2354 606 2396 rn
630 2327 825 2399 testamentis
847 2338 917 2400 anis
938 2337 1120 2400 ordinandis
1144 2353 1334 2401 concessum

136 2442 202 2509 est;
233 2435 317 2515 qnod
346 2436 471 2516 quidem
493 2437 525 2497 in
544 2454 582 2499 eo
612 2438 772 2514 consistit,
805 2443 839 2499 ut
861 2439 888 2500 si
921 2442 1042 2518 septem
1075 2436 1210 2500 litterati
1242 2443 1342 2503 testes

131 2554 195 2598 non
218 2538 430 2614 inveniantur,
454 2539 498 2601 iis
517 2537 611 2600 liceat
632 2545 663 2601 et
687 2558 792 2602 coram
811 2547 930 2622 septem
952 2541 1122 2617 illiteratis,
1144 2543 1216 2618 sine
1234 2542 1343 2621 scrip-

133 2642 204 2698 tura
227 2637 437 2700 testimonium
461 2639 711 2719 perhibentibus,
733 2643 844 2703 testari
867 2641 919 2703 vel
934 2642 962 2703 si
976 2641 1100 2702 minime
1121 2647 1247 2722 septem
1271 2647 1344 2705 tes-

133 2743 180 2801 tes
202 2740 321 2800 inventi
344 2738 480 2817 luerint,
504 2746 538 2802 ut
558 2742 697 2821 quinque
720 2741 887 2818 sufficiant,
911 2746 1008 2820 utque
1029 2741 1180 2805 litteratis
1203 2745 1345 2822 permis·

134 2841 277 2916 sumsit,
300 2857 358 2920 pro
380 2839 537 2904 illiteratis
560 2846 591 2905 in
612 2843 659 2905 his
684 2843 809 2905 casibus
833 2842 1035 2906 subscribere
1051 2842 1093 2927 ⁷).

178 2939 295 3021 5551.
339 2939 487 3004 Parentes
511 2944 564 3022 qni
592 2942 708 3006 liberos
733 2959 809 3006 suos
831 2960 951 3025 eosque
972 2945 1059 3006 solos
1083 2941 1224 3006 heredes
1245 2937 1345 3005 insti-

138 3044 230 3102 tuere
253 3040 382 3118 volunt,
406 3043 467 3105 rite
488 3061 615 3123 quoque
640 3049 813 3119 testantur,
845 3045 873 3106 si
904 3047 1125 3105 testamentum
1147 3043 1278 3123 scriptis
1301 3043 1344 3104 ita

135 3138 280 3215 condant,
314 3146 366 3217 ut,
389 3142 478 3204 initio
502 3148 610 3206 notato
635 3142 685 3205 die
707 3144 883 3205 testamenti
906 3141 1035 3218 conditi,
1059 3141 1237 3204 liberorum
1259 3157 1343 3221 quos

135 3238 313 3316 instituunt,
336 3243 460 3303 nomina
481 3259 573 3304 mann
596 3245 722 3323 propria
745 3243 884 3306 scribant
905 3243 1043 3321 itemque
1066 3242 1188 3317 uncias,
1211 3239 1245 3303 in
1266 3239 1343 3319 qui-

135 3338 196 3400 bus
216 3358 271 3402 eos
294 3341 430 3404 heredes
456 3342 585 3419 iaciunt,
609 3360 671 3404 non
692 3344 794 3425 signis
817 3358 1017 3404 numerorum
1045 3339 1101 3402 sed
1124 3339 1263 3423 integris
1284 3338 1343 3399 lit-

136 3441 214 3500 teris
238 3439 461 3518 declarandaS,
494 3442 690 3522 ntundique
716 3441 810 3504 clarae
838 3447 869 3503 ot
896 3439 1079 3502 indubitata
1110 3441 1289 3503 consistant
1301 3437 1340 3524 8).

134 3542 319 3605 Huiusmodi
341 3549 570 3620 testamentum,
594 3544 677 3624 quod
699 3542 872 3606 secundnm
894 3541 1056 3602 Iustiniani
1081 3540 1341 3603 constitutionem

133 3645 203 3706 sine
222 3645 348 3723 scriptis
371 3643 449 3726 lieri
464 3662 525 3706 non
548 3650 662 3725 potest,
685 3645 813 3726 proprio
834 3642 933 3705 verbo
948 3646 1161 3701 testamentum
1175 3643 1342 3718 parennem

133 3743 216 3805 inter
237 3742 350 3806 liberos
377 3761 460 3805 nunc
491 3752 623 3807 vocatur
646 3751 678 3807 et
698 3744 954 3826 distinguendum
980 3747 1029 3805 est
1054 3761 1071 3804 a
1092 3741 1232 3823 simplici
1254 3739 1341 3802 divi-

133 3885 332 3896 ———-—

173 3970 202 4039 1)
220 3973 284 4023 Inst.
305 3969 330 4032 2,
349 3968 391 4020 11.
410 3969 443 4018 D
463 3965 547 4029 29,1.
567 3967 596 4017 O.
614 3966 640 4032 6,
659 3967 692 4019 21
714 3964 760 4032 (15
778 3965 883 4017 militari
901 3959 1081 4028 testamento).
1123 3961 1185 4014 aar.
1201 3959 1228 4013 2.
1246 3958 1271 4020 5.
1280 3955 1340 4012 209

168 4043 260 4112 2)Ρ5.
241 4040 347 4103 553.
365 4040 470 4091 Ι.5.
489 4036 574 4088 5..17
594 4037 704 4090 05551.

168 4113 260 4183 9)Ρ
279 4114 345 4165 1
364 4109 465 4176 U
429 4107 588 4171 2310
687 4105 943 4173 4)5.3...4115

172 4182 414 4306 5)1115.445.1,
434 4183 467 4231 D
488 4180 515 4229 5.
532 4185 551 4231 t.
571 4182 602 4230 fr.
621 4196 665 4230 un.
687 4184 720 4232 D
740 4177 784 4241 37,
801 4176 900 4243 13515
920 4177 983 4227 555
1002 4191 1072 4241 poss.
1092 4189 1129 4225 cx
1148 4177 1209 4225 test
1230 4171 1327 4233 milit..)

170 4256 240 4323 6)o
242 4253 357 4316 ,1555
358 4252 400 4306 62.
358 4250 480 4304 6569,
500 4248 560 4304 582.
578 4248 639 4303 610.
684 4250 858 4303 deauratione
886 4248 919 4300 de
943 4245 1110 4299 testamentis
1127 4244 1248 4296 militum
1268 4243 1340 4296 dison

133 4342 169 4378 ex
186 4331 245 4395 ipso
261 4327 457 4380 Institutionum
475 4323 560 4373 titulo.

166 4395 246 4463 'ilc
265 4397 307 4450 31.
328 4399 357 4449 0,
378 4394 404 4459 6,
424 4393 458 4447 23
477 4391 525 4456 (de
542 4393 708 4445 testamentis
729 4387 905 4456 ordinandis).

133 4465 197 4534 5,,8)
218 4469 285 4521 Nor.
306 4460 366 4522 101.
385 4483 408 4520 o.
429 4466 454 4517 1.
